5418 8510
1363 925 1711 1017 ...ζ-...-

597 1227 629 1308 ι
678 1213 1080 1310 (ΕΡΗΔΚΙΜΡΟΜ1
1118 1155 1563 1256 sensumsensurn
1590 1159 1830 1264 perdiderunt

1009 1353 1012 1360 λ
1116 1293 1228 1394 septis
1253 1293 1482 1398 simplicibus
1506 1313 1638 1374 testam
1662 1311 1932 1376 conservarunt.
2249 1383 2253 1393 ,

680 1431 751 1490 ons.
793 1421 1024 1518 Exceptionern
1046 1419 1089 1486 ab
1109 1423 1171 1490 lanc
1192 1423 1304 1510 regala
1334 1425 1411 1490 lacit
1432 1427 1461 1492 N
1469 1431 1639 1494 autiluo
1666 1442 1797 1515 noster,
1829 1434 1889 1519 qui
1921 1441 2036 1496 testam
2067 1452 2199 1517 prorsus
2227 1441 2379 1528 perdidit.
2421 1447 2465 1514 At
2519 1413 2525 1420 ι

775 1533 878 1604 ,τἐτο
896 1531 1183 1612 Neutilo'rum
1202 1555 1293 1632 septa
1311 1567 1376 1612 uon
1396 1543 1660 1632 simpliciter
1679 1567 1819 1612 concava
1838 1559 1914 1617 eunt
1934 1559 1991 1616 arat
2013 1545 2119 1634 plana.

1130 1679 1224 1744 testa
1247 1665 1393 1770 spirali,
1417 1679 1550 1744 testam
1577 1671 1789 1746 amisemnt.

1127 1815 1219 1878 testa
1245 1797 1346 1905 spire
1369 1801 1564 1891 destituta,
1587 1817 1720 1882 testam
1742 1821 2018 1884 conservarunt.

672 1937 745 2002 Oba.
788 1937 939 2002 natica
960 1933 1128 2002 normale
1149 1933 1297 2020 haclege
1319 1937 1502 2022 excipitar3
1529 1945 1565 2000 at
1593 1958 1672 2005 vem
1692 1940 1812 2026 spiram
1833 1961 1899 2006 non
1919 1944 1981 2008 nisi
2002 1943 2229 2033 incompletam
2254 1949 2361 2014 babet.

483 2068 490 2084 .
586 2125 656 2202 111,
669 2043 1154 2208 LfflLfflpANCfflA3
1214 2055 1386 2209 dentibus
1401 2058 1497 2212 Veri?
1513 2057 1763 2216 cardinalibus
1778 2061 2075 2215 munitatem
2088 2091 2237 2166 prorsus
2250 2071 2462 2144 amiserunt.

1213 2190 1386 2267 dentibus
1410 2217 1507 2268 veras
1535 2195 1721 2283 destituta,
1746 2209 1879 2272 testam
1897 2210 2078 2300 mtegram
2102 2207 2302 2278 servarunt,

584 2327 651 2412 IV.
685 2329 1049 2415 BRACHIOPODA:
1073 2330 1201 2406 omnia
1226 2340 1358 2402 testam
1385 2327 1565 2432 integram
1589 2333 1831 2406 retinuerunt.
2097 2427 2101 2434 .
2314 2401 2317 2412 ,

747 2465 807 2542 Ex
829 2465 889 2542 bis
913 2467 1009 2544 mihi
1036 2467 1113 2544 fere
1140 2463 1287 2543 videtur
1322 2487 1428 2564 posse
1456 2461 1629 2544 concludi
1653 2481 1776 2570 partes
1802 2465 1977 2542 animales
2019 2469 2097 2544 sive
2127 2469 2254 2572 gluten
2280 2473 2321 2548 in
2341 2471 2462 2574 perse·

584 2601 741 2688 otiorum
764 2602 1025 2682 Molluscorum
1047 2603 1150 2677 testie
1168 2599 1260 2702 plus
1282 2597 1428 2686 valerea
1460 2603 1500 2676 in
1532 2605 1750 2678 interiorum
1775 2629 1863 2678 vero
1889 2601 2073 2690 Ordinum
2096 2607 2200 2680 testis
2227 2617 2349 2706 partes
2386 2621 2459 2682 ter-

580 2757 662 2808 reas
680 2740 796 2834 magis
822 2737 1020 2813 abundare.
1071 2737 1182 2810 Forte
1213 2738 1292 2832 ipsa
1315 2759 1459 2836 qnoque
1482 2748 1627 2812 textura
1650 2739 1795 2842 aliquid
1816 2737 2023 2814 contulerit.
2077 2739 2148 2814 Sed
2179 2741 2362 2842 explicent
2392 2741 2456 2816 alii

580 2889 764 2954 mussams
802 2883 969 2946 nostrum
996 2867 1068 2944 tuit
1095 2865 1190 2942 lacta
1216 2864 1336 2940 solum
1360 2869 1506 2946 referre.

738 3002 923 3081 cavitates
957 3003 1106 3078 illarum
1140 3015 1329 3086 testarum,
1370 3028 1451 3106 quae
1485 3007 1580 3084 bene
1607 3021 1830 3086 conservatae
1861 3021 1947 3082 sunt
1973 3033 2027 3084 ex.
2056 3037 2109 3110 gr.
2135 3006 2461 3084 Terebratula·

577 3157 691 3225 rum,
718 3138 902 3240 crystallis
928 3141 1093 3239 quarzeis
1124 3139 1224 3214 haud
1257 3165 1340 3214 raro
1374 3155 1511 3216 ornatae
1535 3155 1637 3232 sunt;
1665 3143 1731 3220 sed
1761 3145 1906 3218 fissuras
1930 3141 1970 3216 δι
1998 3146 2209 3234 foramina,
2225 3167 2307 3244 quae
2330 3145 2371 3218 in
2395 3169 2460 3244 pe·

577 3285 636 3346 tra
662 3271 887 3374 reliquerunt
913 3286 1014 3346 testae
1037 3287 1254 3362 consuentes,
1284 3300 1475 3378 nunquam
1500 3277 1573 3356 uisi
1599 3277 1791 3383 ‘crystallis
1817 3277 2024 3354 carbonatis
2051 3279 2172 3366 celici,
2204 3277 2245 3352 &
2275 3277 2350 3353 illis
2375 3278 2458 3378 qui·

576 3405 662 3482 dem
688 3409 870 3498 diutinis,
900 3407 1059 3484 obducta
1096 3411 1318 3496 invenimus.¹
2378 3409 2384 3426 ⁸

1279 3625 1312 3718 I.
1390 3619 1745 3718 Classis.
2177 3719 2180 3724 ,

904 3805 1376 3888 MOLLIJSCA
1451 3803 2119 3886 CEPHALOPODA.
2294 3925 2300 3934 ι

1041 3977 1180 4054 Tesra
1210 4001 1588 4066 uunrrrmcucanrs,
1625 4003 1761 4052 serras
1790 3996 1963 4050 nauare.

588 1733 640 1812 II.
692 1729 1067 1812 Gasaenoeona:
1093 1657 1113 1882 ἱ

570 4141 801 4290 Petrilicata
827 4231 1069 4294 testaceorum
1093 4217 1422 4296 multilocularium
1443 4217 1557 4293 variis
1572 4215 1704 4303 modis,
1729 4214 1917 4289 interdum
1943 4209 2144 4287 admodum
2161 4191 2339 4301 absurdis,
2360 4215 2452 4292 olim

570 4348 751 4450 explicata
772 4351 932 4426 luerunt.
989 4352 1120 4428 Nuclei
1146 4355 1352 4454 praesertim
1376 4351 1692 4434 Ammonitarum,
1718 4349 1882 4422 articulis
1905 4347 2103 4422 mobilibus
2130 4347 2231 4421 haud
2255 4374 2352 4420 raro·
2365 4375 2452 4448 gau-

569 4481 715 4570 dentes,
751 4487 945 4560 materiam
983 4488 1223 4589 praebuerunt
1259 4492 1550 4582 conjecturarum
1589 4483 1749 4553 maxime
1793 4481 2093 4596 discrepantinmss
2152 4481 2236 4556 Jam
2264 4495 2450 4582 serpentes

565 4618 797 4721 petrificatos,
838 4619 912 4717 jam
944 4613 1139 4690 corallinas
1169 4637 1245 4686 esse
1276 4607 1578 4692 autumabantnre
1618 4617 1693 4708 jam
1724 4633 1939 4684 cancrorum
1969 4611 2095 4686 caudis
2120 4613 2447 4700 adsimulabantur.

565 4751 693 4851 Neque
723 4750 770 4824 de
803 4747 879 4820 illis
904 4773 985 4847 quos
1017 4760 1150 4820 testam
1186 4754 1395 4828 servarunt,
1435 4739 1798 4817 Orthoceratitis
1830 4741 1871 4816 ὅτ
1895 4741 2174 4822 Belemnitis
2214 4753 2355 4826 acutius
2390 4754 2449 4828 in·

566 4883 715 4989 tendum
746 4879 954 4985 judicarunt
986 4879 1235 4982 explicatores.
1288 4880 1441 4954 Certum
1471 4877 1610 4954 scilicet
1646 4875 1687 4951 &
1711 4877 1962 4953 indubitatum
1986 4881 2258 4973 existimarunt,
2286 4887 2449 4964 incolam

567 5017 936 5128 Orthocerauieae'
956 5041 1034 5092 non
1065 5017 1138 5092 nisi
1164 5015 1358 5116 siphonem
1385 5027 1486 5089 testae
1513 5013 1716 5102 habitasse,
1749 5012 1791 5088 δι
1818 5015 1943 5090 omnia
1970 5030 2090 5091 cetera
2124 5033 2225 5096 testae
2250 5024 2447 5102 intervalla

567 5181 683 5238 ,vacua
706 5151 818 5255 plane
846 5150 967 5226 fuisse.
1019 5153 1139 5255 Atque
1168 5155 1208 5228 in
1232 5151 1303 5226 hoc
1330 5145 1539 5250 explicandi
1570 5151 1681 5225 modo
1712 5150 1952 5226 fundamenta
1990 5169 2189 5250 posuerunt
2214 5155 2365 5233 theoriae
2398 5160 2445 5234 de

566 5288 854 5394 independentia
879 5297 981 5364 testae
1007 5289 1173 5364 formatae
1209 5285 1257 5367 ab
1284 5285 1438 5362 arnimali
1463 5285 1570 5360 illam
1594 5286 1805 5396 habitante,
1837 5277 1879 5356 ὃ(
1905 5283 1951 5356 de
1987 5297 2163 5363 testarum
2198 5293 2446 5370 multilocula.

453 5471 459 5484 ,
564 5430 665 5508 rium
691 5425 870 5500 affinitate
895 5447 980 5498 cum
1006 5424 1218 5530 Zoophytis.
1268 5417 1484 5496 Belemnitae
1510 5445 1613 5508 vero,
1639 5435 1791 5524 propter
1817 5419 1976 5528 ¹sesumam
1999 5420 2156 5499 solidam
2183 5423 2224 5500 dt
2240 5441 2441 5524 texturam,

414 5635 425 5656 ,
563 5575 609 5650 pt
633 5561 822 5648 dixerunt,
845 5556 1115 5658 crystallinam,
1142 5585 1227 5632 cum
1252 5558 1481 5632 Echinorum
1507 5559 1625 5656 spinis
1647 5571 1951 5654 comparaverunt
1981 5555 2053 5632 &a
2377 5617 2394 5662 Ι

701 5693 773 5770 Sed
797 5707 990 5796 postquam
1017 5695 1132 5794 magis
1175 5695 1411 5768 attenderunt
1442 5693 1607 5766 animum
1634 5691 1857 5782 Scrutatores
1883 5687 1931 5764 ad
1957 5687 2082 5766 vivam
2112 5689 2290 5774 Naturam
2316 5697 2439 5777 obser-

563 5829 744 5922 pandam,
767 5803 988 5907 inuenerant
1014 5842 1123 5904 testas
1149 5827 1455 5931 polythalamias,
1484 5852 1565 5929 quae
1598 5821 1743 5902 dudum
1768 5823 1809 5902 in
1834 5828 1997 5904 maribus
2025 5830 2141 5922 ritum
2167 5849 2297 5934 agunt,
2333 5838 2439 5915 habi·

565 5981 660 6046 tatas
686 5994 761 6045 esse
781 5924 833 6041 ,ab
865 5963 1105 6054 animalibus,
1152 5993 1233 6068 qnae
1267 5967 1485 6044 Mollusca
1512 5959 1826 6064 Cephalopoda
1857 5957 1969 6038 hodie
1997 5967 2251 6070 appellantur,
2287 5971 2328 6047 dr
2356 5951 2437 6080 quin

496 6169 501 6180 .
562 6109 729 6214 primum
755 6109 876 6184 locum
904 6105 1071 6178 omnium
1105 6103 1382 6180 animalium
1420 6128 1507 6180 non
1537 6097 1899 6178 vertebratorum
1927 6112 2069 6190 tenent,
2096 6104 2435 6212 'perfectissimaque

562 6245 828 6344 organisatione
850 6239 1022 6342 gaudent.
1073 6239 1139 6316 His
1172 6244 1285 6344 igitur
1319 6243 1568 6320 fundamentis
1599 6237 1756 6326 suffulti,
1787 6249 1896 6312 testas
1928 6235 2216 6340 polythalamias
2252 6261 2432 6322 emortuas

561 6378 692 6480 justius
723 6373 964 6473 explicarunt.
1020 6374 1122 6452 Viva.
1143 6379 1244 6452 enim
1270 6379 1411 6456 Natura
1437 6379 1578 6480 optima
1609 6399 1752 6478 semper
1777 6385 1832 6448 est
1855 6373 2072 6478 explicatrix
2095 6387 2279 6453 emortuae.
2328 6369 2444 6457 Confi‘

563 6513 700 6588 eoum
726 6511 848 6609 Regae
876 6513 1013 6586 anirnal
1037 6513 1143 6617 ltp.
1169 6513 1361 6622 365.371.
1412 6553 1465 6576 -
1487 6605 1490 6612 ¹
1511 6517 1685 6590 Lauaucx
1709 6495 1869 6586 Hist'oire
1894 6507 1958 6586 des
1980 6507 2091 6588 anim.
2118 6539 2146 6586 s.
2160 6530 2265 6608 ¹nert,
2288 6518 2370 6598 VII.
2393 6545 2433 6621 p.

560 6646 649 6736 585.
673 6647 760 6725 601.
782 6681 838 6706 ·-··
873 6647 928 6722 De
955 6647 1128 6730 Fenussac
1150 6651 1338 6728 Tableaux
1367 6650 1645 6754 systematiqnes
1669 6673 1705 6748 p.
1728 6646 1858 6722 XVIII
1884 6642 1956 6721 &c
2094 6623 2102 6657 ¹

695 6783 850 6860 Nullum
878 6785 990 6885 igitur
1017 6785 1155 6863 diutinas
1178 6788 1332 6864 dubium
1355 6802 1420 6880 est,
1447 6811 1620 6889 quorsum
1641 6785 1845 6858 reserantur
1868 6795 1971 6856 testae
2000 6795 2132 6866 nostrae
2157 6779 2434 6890 polptlaalamiae

559 6917 715 7024 sipho‘ne
742 6920 932 6998 instructae
950 6949 1005 6998 cx.
1025 6949 1078 7024 gr.
1105 6924 1394 7014 ammonitu,
1431 6922 1802 7006 Orthoceratitas,
1837 6905 2114 7010 Belemnitae,
2152 6924 2187 6997 N
2197 6920 2430 7000 odosariae

562 7054 635 7134 &e
684 7055 879 7133 Attamen
906 7057 1038 7136 horum
1064 7085 1238 7164 generum
1269 7073 1370 7136 testae
1409 7075 1487 7136 tarn
1508 7061 1650 7136 variam
1670 7053 1711 7130 δι
1744 7053 1963 7132 dissimilem
1986 7069 2168 7136 texturam
2194 7057 2372 7160 praebent,
2389 7074 2433 7136 nt

559 7193 692 7272 eodem
717 7189 828 7296 plane
852 7193 964 7281 modo
989 7199 1154 7278 tornata
1181 7193 1337 7275 essexia
1362 7197 1513 7315 possint.
1560 7189 1646 7273 Iton
1675 7183 1847 7297 equidem
1874 7191 2008 7275 dubito
2034 7191 2124 7300 quin
2154 7219 2279 7272 omnes
2307 7201 2425 7298 magis
