5418 8510
1009 1005 1353 1078 ....,..‚...

286 1189 426 1274 planam,
447 1195 710 1281 longitudinsiem
731 1226 751 1270 a
770 1207 840 1274 basi
862 1211 971 1278 sersus
998 1215 1121 1300 apicern
1140 1217 1336 1322 pertentare,
1356 1237 1516 1322 utrinque
1533 1232 1665 1328 pretim
1705 1255 1821 1335 Quoad
1841 1266 1943 1350 ipsam
1967 1255 2117 1340 tuncto-

246 1384 249 1393 .
285 1323 355 1370 ram
377 1311 559 1377 Beiemnitu
580 1337 684 1382 massa
704 1337 829 1388 constat
850 1333 958 1394 atratis
978 1334 1267 1421 cuculiiformibur‚
1280 1366 1354 1428 que.
1368 1353 1401 1411 iu
1422 1361 1650 1434 speciminibus
1668 1369 1834 1438 calcinatis
1856 1387 1975 1461 optima
1993 1387 2112 1452 distins

286 1436 443 1504 guantur.
489 1433 568 1514 Qun
591 1459 667 1504 vero
691 1453 801 1522 strata,
824 1445 951 1506 testacei
973 1447 1068 1533 hujus
1090 1453 1223 1517 modurn
1244 1466 1405 1538 crescendi
1426 1470 1613 1556 indicantia,
1634 1477 1672 1546 dt
1691 1506 1832 1570 qnorum
1855 1506 1983 1562 textura
2003 1512 2113 1578 trenes,
2183 1483 2194 1508 ⁶

284 1545 400 1608 versim
423 1545 543 1638 fibrosa'
559 1561 627 1658 ert,
649 1557 675 1617 si
694 1559 808 1620 sensim
829 1557 1085 1642 decorticantur,
1112 1569 1301 1642 Beiemnites
1322 1586 1427 1650 minor
1447 1587 1616 1676 formisque
1643 1587 1847 1688 aliquantum
1873 1601 2018 1680 dissiiniii
2033 1637 2115 1706 pso-3·

285 1647 343 1722 dit.
389 1661 483 1727 Teios
503 1687 580 1731 vero
601 1673 741 1736 minores
765 1669 801 1736 &
819 1675 1021 1759 aliquantum
1040 1681 1208 1782 dissimiles
1229 1691 1444 1794 Beiemnitaru

1446 1725 1480 1770 m
1501 1710 1609 1778 formu
1630 1715 1715 1782 inter
1740 1728 1877 1810 majores
1906 1755 2036 1818 quoque
2059 1756 2113 1804 oc·

283 1788 421 1840 currunt
445 1780 478 1842 in
503 1788 611 1848 stratis
632 1792 749 1850 nostris

770 1788 931 1857 calcareis.
975 1795 1044 1858 Hac
1065 1801 1164 1880 igitur
1187 1804 1253 1872 haec
1283 1824 1421 1895 testacea
1452 1829 1654 1896 examinandi
1680 1839 1833 1908 methodo
1858 1848 1944 1912 mihi

511 1899 645 1972 formam
667 1906 807 1990 ejusdem
829 1911 943 1992 speciei
965 1891 1025 1998 pro
1049 1892 1139 2013 etate
1165 1921 1250 1989 haud
1273 1949 1392 2012 porum
1413 1945 1549 2028 rameri,
1571 1915 1670 2035 atque
1691 1953 1773 2018 nihil
1793 1958 1861 2034 fere
1882 1966 1944 2026 nisi
1965 1968 2112 2030 caritatis

279 2007 415 2076 tormen
439 2007 475 2076 dt
494 2015 607 2090 boreos
627 2022 762 2100 figuram
787 2045 853 2088 esse
873 2027 904 2086 in
930 2027 1041 2116 eddom
1063 2039 1168 2118 specie
1189 2060 1312 2128 semper
1334 2040 1490 2124 constans.
1535 2064 1571 2123 tn
1593 2067 1722 2133 Tabuit
1752 2088 1861 2142 nostro
1883 2082 1927 2146 ΙΙ.
1954 2081 2113 2166 quflsdm

277 2123 398 2192 formas
419 2131 933 2223 ejusdem·specieidepintrendar
960 2153 1151 2216 curavimus.
1178 2157 1245 2240 sig.
1276 2185 1301 2228 r.
1324 2167 1400 2232 Litt.
1425 2173 1453 2237 J.
1477 2180 1598 2261 probet
1631 2185 1913 2258 Beiemniteo
1945 2195 2136 2260 mucro-'

245 2309 249 2320 ¹
277 2255 423 2310 natum
448 2255 480 2314 in
504 2256 608 2336 prima
630 2266 722 2316 atate
743 2257 1006 2328 suirscicuiarsm.¹
1060 2269 1137 2334 Litt.
1167 2275 1210 2337 tt.
1232 2255 1388 2362 specimen
1411 2293 1615 2377 aliquantum
1638 2295 1759 2390 majus,
1789 2299 1826 2373 dt
1851 2315 1928 2376 titt.
1952 2313 1990 2378 la.
2019 2299 2111 2380 aliud

273 2371 368 2428 state
387 2351 493 2429 adiiuc
515 2373 697 2452 provectius
721 2386 887 2440 monstrat.
931 2382 969 2444 in
990 2381 1052 2447 hcc
1073 2391 1243 2472 specimine
1260 2406 1444 2470 extremitat
1464 2389 1612 2498 superior
1631 2423 1694 2504 jam
1723 2409 1836 2510 incipit
1858 2428 1995 2492 sormam
2016 2429 2107 2494 ittam

273 2484 443 2544 contexam
466 2501 636 2566 assumere,
659 2511 729 2571 que
750 2494 782 2551 in
805 2495 977 2576 majoribus
998 2493 1235 2587 exemplaribus
1262 2509 1300 2576 F.
1323 2518 1364 2583 D.
1386 2521 1424 2588 Δ.
1448 2530 1565 2598 sentim
1588 2541 1689 2620 tnagis
1717 2544 1883 2626 magisque
1913 2544 2106 2629 explicatur.

273 2595 338 2672 Qui
358 2599 458 2678 igitur
476 2621 540 2664 non
564 2603 650 2668 ridet
673 2610 733 2668 nisi
756 2601 938 2690 specimina
950 2615 1048 2701 hujus
1070 2609 1185 2706 spioici
1208 2600 1344 2699 merisne
1366 2633 1511 2730 diversa,
1526 2670 1587 2734 pro
1607 2655 1741 2722 diversis
1760 2660 1928 2742 speciebus
1951 2683 1988 2726 ea
2010 2663 2107 2730 tauto

269 2709 425 2794 ostentu
447 2726 481 2778 at
503 2721 559 2800 qui
581 2730 681 2786 totam
702 2725 815 2786 seriem
839 2727 872 2786 iu
894 2727 1009 2795 fodinis
1029 2743 1147 2804 nostris
1166 2745 1315 2816 calcareis
1339 2762 1519 2840 examinat,

237 2823 250 2910 Ἰ
268 2838 331 2909 cat,
355 2829 405 2894 itti
424 2833 521 2897 facile
544 2859 733 2922 persuasum
756 2843 819 2903 erit
838 2863 947 2906 omnes
969 2845 1027 2912 has

1947 1933 1950 1942 ,
1975 1871 2112 1938 persua-

1541 2767 1592 2830 vel
1615 2772 1738 2853 majora
1767 2781 1940 2862 specimina
1962 2781 2106 2844 decorti-

1048 2849 1165 2921 formas
1188 2866 1243 2926 uni
1265 2870 1434 2968 eidemque
1455 2881 1572 2975 speciei
1594 2900 1660 2944 esse
1675 2885 1940 2958 adnumerandus.
1983 2895 2104 2960 Forma

267 2947 418 3012 caritatis
437 2943 476 3012 dt
489 2955 636 3020 'ambitus
655 2957 766 3022 bareos
788 2957 853 3020 scia
873 2960 940 3022 fere.
958 2975 1006 3026 ert
1025 2981 1100 3034 noto
1123 2985 1270 3044 constans
1288 2990 1477 3070 specierum.

306 3063 388 3128 Duc
407 3071 518 3150 itaque
540 3074 574 3134 in
596 3073 708 3138 soccia
729 3089 905 3139 occurrunt
926 3079 1197 3174 speciosiusque
1218 3117 1343 3185 semper
1363 3125 1546 3200 separatas,
1572 3142 1741 3210 nunquam
1763 3133 1949 3199 commixtas
1971 3133 2100 3198 inveni-

265 3197 346 3241 rnus.
391 3185 427 3244 In
450 3187 557 3249 stratis
585 3188 642 3250 ubi
661 3191 840 3260 obveniunt
865 3185 1125 3284 Belemnitae,
1161 3209 1291 3280 obvenit
1315 3239 1446 3309 quoque
1474 3237 1691 3317 petrificstum
1724 3248 1885 3326 quoddam
1918 3249 2100 3330 singulare,

266 3297 354 3374 quod
393 3283 619 3368 delineaodum
637 3285 835 3374 'curavimus
871 3314 902 3374 in
940 3315 1020 3379 Tob.
1044 3333 1154 3384 nostra
1177 3328 1217 3388 11.
1240 3334 1298 3418 fig:
1320 3359 1345 3399 r.
1369 3343 1404 3412 C.
1428 3368 1456 3410 π.
1481 3351 1515 3413 C.
1539 3357 1581 3417 t).
1602 3359 1644 3421 D.
1688 3359 1758 3424 Hoc
1780 3383 1857 3428 vero
1883 3365 2100 3450 portitorum

263 3428 425 3494 nusquam
447 3421 507 3478 nisi
532 3421 615 3480 inter
640 3421 830 3486 Beiemoitos
849 3434 940 3511 jacet,
963 3426 1147 3516 &quidem
1173 3445 1228 3522 ita,
1261 3463 1298 3512 ut
1320 3457 1424 3520 forma
1444 3465 1502 3524 itta
1525 3491 1622 3550 quam
1642 3475 1765 3560 praebet
1786 3479 1837 3562 fig.
1866 3503 1891 3545 t.
1912 3481 1948 3543 C.
1975 3499 2100 3562 semper

264 3526 360 3588 simui
380 3551 454 3592 cum
477 3533 716 3599 Belemuite
738 3553 988 3610 mucronato
1019 3565 1187 3635 occurrat,
1218 3559 1322 3630 forins
1347 3595 1543 3660 veroquam
1563 3603 1725 3658 monstrat
1746 3576 1799 3680 tt'g.
1820 3617 1850 3663 a.
1875 3599 1911 3660 C.
1932 3598 1972 3658 D.
1990 3595 2032 3658 D.
2055 3592 2097 3656 si·

262 3643 331 3704 moi
351 3667 423 3709 cunr
447 3650 684 3714 Beiemnite
713 3659 1006 3729 mammillato
1028 3665 1165 3752 legatur.
1202 3677 1266 3744 Has
1293 3687 1394 3768 igitur
1423 3699 1601 3784 dingular'es
1632 3707 1752 3773 formas
1779 3735 1841 3798 pro
1869 3717 1982 3780 rostris
2006 3715 2103 3780 iilius

231 3791 236 3802 ·
260 3765 410 3828 animatis
432 3759 549 3848 habeo,
566 3772 618 3830 cui
639 3768 716 3832 otim
735 3765 891 3854 pertinuit
910 3767 1077 3845 Beicmn
1089 3775 1189 3872 ite's,
1204 3788 1257 3856 dt
1269 3806 1407 3884 quidem
1427 3813 1472 3876 ita
1493 3830 1550 3901 ut,
1587 3843 1626 3887 ex
1645 3841 1716 3888 mea
1736 3830 1906 3910 sententia,
1935 3834 1986 3918 fig.
2013 3853 2038 3897 t·
2059 3833 2096 3898 C·

262 3884 304 3942 sit
327 3880 456 3945 maxilla
477 3887 624 3966 superior
645 3890 740 3949 rostri
760 3889 1003 3962 Bolemnite
1027 3919 1300 3996 mucronsti3
1328 3925 1431 4010 figura
1453 3953 1530 4000 vom
1549 3939 1633 4004 ,να
1657 3941 1791 4006 min,
1809 3949 1967 4032 ,ΨΜ
1985 3939 2022 4010 ὰ
2040 3947 2094 4030 fig,

261 4013 292 4058 2·
315 3995 355 4058 D.
377 3999 416 4058 D.
443 3999 575 4063 maritis
592 4003 726 4066 inferior
748 4011 850 4068 nostri
869 4007 1113 4082 Belemnitae
1136 4035 1413 4102 mammillati.
2034 4071 2037 4078 ¹

230 4185 238 4266 p
541 4151 585 4228 Ἰ.
652 4155 1094 4242 Bolemnites
1171 4201 1638 4298 incoronatus,
1687 4214 1751 4291 Btt.

349 4289 395 4366 tt.
426 4303 511 4362 testo
537 4291 787 4386 saturiacum,
817 4304 1090 4390 superstratus
1116 4315 1304 4399 rotundato,
1328 4346 1475 4402 merrom
1497 4349 1650 4416 truncato
1673 4357 1860 4440 terminato,
1887 4359 2017 4452 inferos
2040 4339 2090 4435 tt-

215 4427 291 4506 rstr',
315 4425 532 4522 omplficotos
553 4427 686 4503 raritate
709 4428 989 4528 elergero-rotrico,
1012 4435 1082 4510 bari
1106 4441 1294 4560 creincort.
1334 4455 1479 4558 Longis.
1502 4463 1591 4560 4.5.
1604 4473 1694 4572 9011,
1749 4479 1866 4580 (trah,
1889 4501 2013 4564 nost„
2037 4493 2087 4568 Π,
2205 4576 2212 4584 ‚

215 4559 274 4657 fig.
300 4557 331 4634 I.
355 4561 517 4662 A-L.)
1998 4707 2007 4735 V,

297 4749 303 4760 .
331 4697 618 4774 Balemnites
649 4713 942 4784 mucronatus
972 4707 1129 4814 Brongn.
1161 4715 1342 4827 Descript.
1369 4729 1472 4808 Geol.
1493 4737 1567 4814 'des
1584 4745 1699 4822 enrir.
1728 4749 1774 4826 de
1800 4753 1904 4834 Paris
1926 4757 2000 4837 tob.
2018 4761 2088 4841 111.

210 4799 271 4925 dg.
296 4827 380 4902 LA
403 4829 444 4902 Β.
473 4829 611 4931 (figora
636 4839 789 4937 egregia,
816 4841 881 4913 sed
904 4847 1117 4942 speciminis
1141 4853 1257 4932 valde·
1272 4861 1513 4974 incompleti)
1533 4915 1586 4938 -··
1616 4881 1727 4960 Nilss.
1759 4888 1840 4968 Act.
1872 4917 1948 4996 reg.
1975 4896 2087 4978 dead.

80 4983 83 4991 ’
209 4959 334 5046 Hoimr
368 4963 473 5045 1825.
499 4994 537 5068 p·
567 4970 650 5070 339·
1231 4985 1235 4994 ¹

251 5107 255 5116 '
342 5099 529 5198 Descripta
563 5107 723 5184 Maxima
759 5107 869 5209 hujus
903 5116 1036 5212 speciei
1069 5123 1289 5222 specimina,

1316 5136 1415 5237 apud
1443 5119 1510 5218 nos
1536 5147 1708 5246 inventa,
1742 5161 1888 5241 circiter
1920 5175 2084 5277 quinque

208 5231 362 5332 pollices
396 5235 629 5341 longitudine
657 5239 698 5316 dt
730 5243 778 5317 ad
811 5240 918 5318 basin
942 5251 967 5349 ff
992 5251 1082 5376 poll.
1108 5258 1304 5342 latitudine
1329 5276 1524 5376 attingunt.
1553 5285 1789 5402 'Tostaceum
1817 5301 1889 5380 hoc

208 5357 429 5460 lindrioum,
455 5399 550 5474 pono
573 5377 738 5452 aredium
771 5385 894 5454 tumen
926 5410 1087 5464 crassum
1112 5387 1247 5495 passim
1278 5419 1486 5492 attenuatur
1514 5441 1638 5498 versus
1663 5439 1902 5537 posteriorem

172 5517 178 5524 ·
209 5504 391 5600 periorem
417 5523 578 5610 partem,
603 5539 684 5612 quae
708 5513 835 5588 obtuse
865 5521 1061 5600 rotundato
1089 5537 1307 5614 terminatur
1338 5571 1514 5628 mucrone

208 5648 385 5726 truncato,
409 5645 512 5744 apice
537 5647 738 5745 perforatos
762 5673 887 5726 veram
913 5660 1132 5738 anteriorem
1161 5692 1224 5745 seu
1260 5677 1472 5760 interiorem

209 5773 262 5846 ita
282 5789 322 5850 ut
347 5776 397 5852 ad
422 5781 574 5855 initium
599 5783 704 5858 rimae
727 5783 888 5862 lateralis
913 5791 1144 5894 aliquantum
1168 5811 1312 5888 tenuius
1338 5816 1403 5906 sit3

1915 5309 1991 5384 fere
2015 5339 2082 5416 cy-

1928 5471 1991 5522 seu
2018 5477 2080 5526 su·

1545 5559 1605 5634 vel
1636 5568 1759 5663 potius
1789 5578 1933 5658 embolo
1961 5613 2078 5686 parvo

1498 5706 1642 5792 partem
1668 5715 1890 5802 attenuatur,
1919 5743 2088 5824 quoqueJ

1433 5823 1499 5900 sed
1530 5832 1629 5928 juxta
1653 5831 1760 5914 basin
1785 5847 1921 5926 iterum
1943 5855 2076 5935 dilata-

205 5921 287 5995 tur,
309 5915 363 5988 ita
387 5927 428 5990 ut
460 5913 618 5990 ambitio
643 5915 770 5994 baseos
795 5923 1019 6024 integrorum
1041 5931 1301 6038 speciminum,
1334 5975 1416 6053 quae
1438 5971 1583 6052 tamen,
1614 5987 1766 6072 propter
1790 5986 2005 6071 tenuitatem
2032 5997 2074 6076 dt

130 6101 134 6113 .
201 6058 383 6122 tenturam
408 6051 579 6130 fibrosam
605 6057 806 6155 parietum,
831 6063 1016 6156 rarissima
1042 6087 1138 6162 sunt,
1162 6077 1263 6158 haud
1286 6111 1419 6187 parum
1455 6099 1708 6198 amplificetur.
1733 6113 1863 6212 (Conf.
1876 6125 2070 6226 {ipsoram

204 6179 236 6254 1.
261 6181 304 6256 t.
332 6179 421 6259 &t
448 6189 515 6263 n...
541 6189 648 6266 arma
691 6191 853 6285 tauram
890 6203 1132 6300 spasmum
1163 6205 1343 6317 majoram
1372 6221 1414 6298 u
1446 6211 1671 6333 integrorum
1715 6249 1766 6346 rs
1794 6251 1869 6328 sere
1889 6262 2069 6357 pollicum

203 6315 473 6417 longitudinem
494 6323 614 6400 hahet.
668 6330 782 6406 Latus
809 6336 976 6418 veroin
997 6363 1069 6438 quo
1095 6344 1214 6438 sedet,
1246 6354 1645 6470 aliquantumssplauius
1682 6395 1751 6466 ost,
1778 6385 1819 6458 dt
1843 6389 1885 6462 iu
1910 6400 1985 6499 ejus
2009 6403 2070 6481 di-

203 6454 362 6530 rectione
389 6483 410 6530 a
434 6456 582 6537 hesiod
606 6463 749 6562 apicem
778 6479 854 6542 tota
877 6471 1093 6577 plerumque
1117 6495 1209 6592 testa
1229 6490 1337 6568 facile
1361 6497 1562 6602 bipartitur
1586 6510 1661 6584 ictu
1677 6513 1751 6590 levi
1768 6521 1904 6602 mallei.
1935 6529 2068 6614 Utrin-

204 6613 274 6688 que
287 6565 392 6666 'testa
418 6610 565 6671 ornatur
590 6602 891 6702 impressionibus
913 6616 1065 6689 ramosis
1091 6645 1112 6692 a
1140 6620 1218 6700 basi
1249 6655 1362 6732 usque
1397 6661 1519 6715 versus
1550 6645 1709 6744 apicem;
1745 6679 1826 6754 quae
1858 6662 2067 6766 impressio-

201 6749 282 6812 nes,
316 6753 338 6802 a
367 6731 495 6830 majori
526 6757 627 6809 ramo
660 6736 921 6839 longitudinali
952 6751 1234 6854 profisisoenter,
1265 6781 1509 6850 transversam
1538 6780 1613 6854 fore
1632 6784 1885 6872 'directionem
1916 6800 2091 6888 habent*
2170 6769 2177 6787 o

204 6859 387 6962 Utrinque
413 6865 461 6940 ad
486 6868 581 6944 latus
606 6885 705 6951 testa
731 6881 940 6978 oppositum
964 6891 1125 6964 cernitur
1147 6897 1342 7000 ,impressio
1370 6909 1663 7011 longitudinalr's‚
1694 6951 1776 7026 quae
1806 6955 1962 7037 superno
1989 6949 2066 7022 vir·
2174 6929 2179 6954 ⁴

203 6995 297 7093 gulis
324 6997 604 7094 subdivaricatis
623 7017 861 7101 ‚terminatun
914 7017 1016 7096 Basis
1047 7037 1149 7104 testae
1179 7031 1287 7132 plone
1313 7043 1524 7124 ¹circinnata
1557 7068 1611 7128 est
1639 7055 1759 7155 (cont.
1787 7068 1846 7168 fig.
1877 7077 1991 7180 r'B.)
2022 7085 2077 7162 dt.

200 7134 336 7208 caritas
364 7131 515 7228 hasulis,
553 7165 634 7242 qrrae
672 7147 791 7223 multo
827 7150 971 7254 longius
1007 7183 1118 7258 quam
1136 7168 1244 7247 ‚rima
1274 7174 1440 7258 lateralis
1461 7185 1619 7279 roonis,
1640 7194 1764 7272 saltim
1788 7212 1844 7277 ter
1871 7207 1981 7290 citior
2007 7234 2067 7297 est

77 7305 80 7314 =
199 7291 311 7368 quam
338 7271 456 7349 latior.

1050 7403 1223 7487 ⁵3⁹,
