5418 8510
1514 895 1538 943 2
1591 909 1700 926 nnn—-

596 1137 695 1214 xime
719 1133 856 1209 similes
883 1141 983 1213 sunt,
1022 1121 1064 1196 in
1092 1111 1300 1194 borealibus
1331 1111 1466 1188 nostris
1496 1108 1621 1186 oceani
1654 1105 1771 1210 plagis
1803 1129 1878 1180 non
1912 1106 2061 1180 omnino
2087 1105 2255 1179 occurrit.
2307 1105 2462 1205 Species,

596 1271 656 1346 cui
681 1271 752 1346 hoc
785 1259 918 1345 nomen
940 1245 1134 1371 perperam
1159 1241 1412 1354 imposuimus
1441 1235 1641 1348 Scriptores
1668 1237 1831 1346 quidam,
1857 1266 1878 1316 a
1906 1241 2170 1316 Carclraria
2197 1219 2305 1316 vilde
2331 1239 2464 1312 distin-

594 1419 654 1480 cta
678 1419 752 1489 est,
766 1399 807 1474 id
833 1395 967 1500 quod
956 1421 1030 1501 pam
1051 1389 1210 1470 ostendit
1230 1387 1412 1466 illustriss.
1429 1383 1600 1464 varur
1590 1407 1630 1458 rn
1655 1381 1800 1482 Regna
1825 1381 1953 1456 anim.
1977 1378 2025 1452 ΙΙ.
2040 1403 2077 1478 p.
2068 1379 2173 1453 ..131
2199 1371 2304 1452 Cani.
2318 1365 2463 1468 Squal.

506 1537 508 1549 ’
593 1537 802 1616 Gunneri
827 1533 939 1611 Nilss.
965 1527 1098 1606 Sland.
1122 1527 1307 1604 FaunaP.
1332 1523 1399 1600 IV.

594 1678 685 1752 tur.
716 1672 755 1749 C.
782 1673 831 1748 D.
881 1671 981 1750 llere
1002 1665 1234 1752 subconicus,
1261 1683 1422 1742 crassus,
1447 1681 1561 1761 prope
1582 1656 1780 1744 semiteres,
1811 1617 2049 1755 aliquantum
2068 1656 2254 1733 curvatus,
2286 1634 2463 1738 margini·

642 1809 711 1885 bus
738 1833 871 1912 parum
896 1806 1026 1892 acutis,
1059 1803 1181 1880 colore
1206 1795 1446 1879 suheoeruleo.
1544 1855 1553 1871 .

726 1941 788 2023 Ad
814 1944 1040 2044 Kb’pinge,
1065 1931 1371 2044 Kjug‘estrand
1399 1929 1440 2004 &
1465 1927 1568 2004 alibi.

594 2089 684 2161 Litt.
704 2087 748 2161 Ε.
776 2085 819 2158 tt
869 2079 967 2154 Dens
994 2073 1344 2159 conica-subulatus,
1370 2087 1616 2170 compressus,
1642 2063 1745 2168 apice
1767 2057 1990 2136 subincurvo
2018 2057 2059 2134 δι
2082 2054 2310 2157 marginibus
2333 2051 2466 2126 acutis·

645 2221 750 2293 simis
773 2217 941 2318 integris,
965 2220 1038 2319 jam
1064 2208 1263 2316 aequalibus
1289 2205 1394 2309 (R),
1417 2203 1637 2306 plerumque
1664 2225 1749 2274 vero
1779 2195 2021 2300 inaequalibus
2044 2193 2155 2298 (E.),
2183 2194 2303 2270 colore
2328 2185 2469 2264 mblul·
2537 2225 2542 2240 ·

643 2375 690 2426 νῦ
715 2348 775 2424 Vel
802 2351 1034 2423 fuscescente·
1090 2349 1197 2429 cont.
1221 2343 1386 2421 Parlius.
1415 2339 1440 2413 l.
1466 2364 1497 2412 c.
1524 2337 1583 2438 fig.
1608 2359 1644 2436 9.
1669 2335 1764 2409 forte
1785 2335 1896 2410 etiam
1918 2335 1977 2434 fig.
1999 2359 2032 2406 a.
2400 2380 2404 2391 ·

753 2482 842 2558 Hac
863 2481 985 2558 dentis
1008 2484 1128 2560 forma
1149 2485 1310 2560 maxime
1336 2475 1500 2576 vulgaris
1520 2483 1590 2584 ⁸est.

593 2619 755 2696 Obveuit
792 2621 834 2694 in
866 2619 964 2695 calce
997 2589 1148 2697 uenosi
1175 2619 1216 2694 &
1251 2615 1481 2693 carbonilera
1517 2610 1566 2684 ad
1595 2607 1828 2710 Kipinge,
1867 2607 2170 2706 Glttmminge,
2193 2599 2473 2698 Ktsebsrga3

456 2734 458 2744 ,
591 2755 633 2830 in
664 2752 764 2827 calce
791 2769 948 2830 testacea
980 2757 1028 2829 ad
1058 2754 1330 2851 Ignaberga;
1368 2753 1411 2824 in
1443 2746 1541 2824 calce
1577 2744 1740 2844 glareosa
1773 2745 1822 2820 ad
1857 2741 2183 2848 Kjugestrand
2216 2739 2258 2814 ἃ
2295 2741 2337 2814 in
2369 2737 2473 2812 silice

589 2885 774 2986 variegata
813 2887 861 2960 ad
881 2876 1019 2988 irup.

592 3025 682 3100 Lus.
709 3023 753 3098 G.
785 3025 833 3100 lt
882 3023 982 3121 Dens
1006 3019 1197 3096 subulatus
1222 3020 1426 3122 elongatus,
1450 3028 1657 3111 semiteres,
1681 3023 1784 3124 apice
1811 3017 2043 3101 subincurro,
2068 3013 2298 3118 marginibus
2323 3010 2473 3099 obtusis,

644 3160 807 3261 integris,
834 3156 955 3234 colore
979 3153 1118 3256 pallide
1143 3155 1377 3232 fuscescente.
1428 3161 1534 3236 Gonf.
1559 3160 1724 3236 Parlins.
1754 3157 1779 3230 l
1807 3183 1838 3232 c.
1865 3155 1892 3228 f.
1909 3159 1944 3230 8.
1984 3151 2063 3252 (Pl
2076 3119 2365 3246 edtrouites).

593 3293 755 3372 Obveuit
777 3291 857 3366 haee
880 3290 1002 3379 forma
1027 3315 1115 3366 raro
1144 3293 1186 3366 in
1214 3289 1312 3364 calce
1344 3289 1507 3390 glareosa
1531 3295 1578 3362 acl
1601 3291 1858 3386 Kjugcstrand.

738 3428 788 3506 Hi
812 3449 940 3500 omues
961 3424 1101 3511 dentes,
1127 3429 1296 3524 quamvis
1326 3425 1466 3519 optime
1487 3423 1693 3496 conservati
1715 3417 1756 3491 δι
1782 3419 1895 3492 nitidi
1919 3421 2005 3502 siut,
2029 3441 2174 3516 semper
2199 3429 2323 3488 tamen
2350 3415 2475 3489 solita·

593 3565 642 3640 rii
659 3565 839 3642 instratis
857 3563 993 3640 nostris
1014 3557 1163 3638 sedent,
1180 3581 1298 3654 neque
1314 3579 1488 3656 unquam
1509 3559 1653 3656 integra
1675 3551 1827 3628 maxilla
1849 3549 2022 3624 dentibus
2049 3561 2206 3634 armata,
2230 3552 2380 3623 inventa
2402 3563 2474 3620 est:

592 3695 706 3798 qu'are
733 3695 920 3796 adquam
944 3687 1080 3764 multas
1099 3685 1319 3788 Squalorum
1344 3692 1482 3792 species
1508 3693 1719 3794 pertincant
1742 3665 1989 3762 determinata
2016 3697 2070 3756 est
2094 3679 2253 3768 difficile,
2268 3684 2474 3782 praesertim

591 3856 678 3902 cum
705 3831 858 3906 etiam
848 3856 889 3906 ιιι
912 3825 1093 3928 Squalis
1082 3849 1163 3923 paru.
1183 3824 1281 3898 vivis
1315 3825 1443 3901 dentes
1478 3830 1586 3902 unius
1619 3825 1780 3900 maxillae
1814 3820 2013 3928 dissimiles
2049 3813 2237 3890 interdurn
2269 3821 2345 3892 sint
2385 3817 2475 3891 den·

593 3962 693 4044 tibae
722 3962 891 4049 alterium
928 3959 1004 4036 imo
1032 3958 1221 4034 interdum
1247 3961 1345 4033 inter
1372 3987 1411 4034 se
1437 3961 1635 4036 dissimiles
1661 3964 1703 4034 in
1729 3961 1858 4032 eadem
1882 3953 2045 4030 maxilla.

753 4099 812 4174 Ex
836 4098 896 4172 his
921 4097 1035 4196 igitur
1061 4093 1278 4192 fragmentis
1308 4105 1452 4166 tanturn
1480 4093 1697 4170 concludere
1722 4119 1827 4196 posse
1862 4090 1970 4164 nobis
2013 4085 2202 4162 videmur:
2235 4085 2371 4160 vixisse
2395 4085 2475 4158 ani-

591 4236 704 4316 malia
733 4262 778 4310 ex
807 4233 1028 4332 Squalorum
1062 4227 1207 4302 familia
1240 4229 1281 4302 in
1311 4231 1433 4328 prisce
1467 4227 1536 4302 illo
1559 4233 1666 4315 mari,
1698 4231 1739 4304 in
1771 4233 1873 4330 cujus
1900 4221 2058 4298 fundum
2093 4235 2191 4296 creta
2223 4246 2262 4295 se
2294 4219 2475 4320 deposuit,

593 4383 704 4474 atque
731 4371 844 4444 tuisse
868 4365 947 4439 haec
974 4362 1134 4464 ingentis
1162 4361 1350 4434 interdum
1381 4360 1491 4436 molis
1519 4359 1561 4434 &
1586 4363 1798 4436 ferocitatis.

753 4503 905 4575 Pisces
930 4514 972 4574 ut
997 4499 1170 4571 dicuutur
1195 4495 1385 4584 spinosi.
1413 4498 1574 4585 aquensis
1602 4493 1770 4574 obducti,
1804 4495 1846 4564 in
1868 4489 1997 4564 eodem
2023 4492 2120 4564 mari
2148 4491 2329 4566 vixerunt.
2380 4485 2476 4562 Ante

592 4633 717 4738 plures
741 4651 857 4702 annos
882 4623 1023 4720 integer
1045 4612 1181 4693 Piscis,
1216 4612 1376 4688 formam
1408 4618 1484 4692 fere
1510 4619 1661 4692 Percae
1686 4643 1764 4718 prae
1790 4643 1829 4692 se
1854 4616 1998 4707 serens,
2025 4621 2198 4695 inventus
2223 4633 2278 4693 est
2306 4623 2346 4692 in
2371 4634 2477 4720 petra
2529 4711 2538 4742 ἱ

594 4770 752 4846 calcaria
780 4765 829 4837 ad
856 4759 1036 4833 molinam
1068 4751 1525 4848 Sveustorpsmiilla,
1567 4767 1608 4828 ut
1633 4753 1728 4829 mihi
1755 4753 1963 4830 retulerunt
1986 4768 2096 4831 testes
2122 4753 2274 4838 oculati;
2301 4757 2361 4830 cui
2386 4783 2477 4858 quo·

598 4931 669 5008 que
699 4897 871 4976 relationi
897 4892 1009 4968 fidem
1042 4887 1215 4962 adferunt
1246 4885 1463 4986 fragmenta
1482 4890 1546 4965 illa
1580 4893 1739 4993 piscium
1771 4891 2020 4992 spinosorum,
2061 4917 2143 4992 quae
2180 4893 2317 4992 passim
2352 4901 2478 4986 occur'·
2586 4981 2603 4994 .

595 5053 687 5116 runt
714 5041 756 5115 in
782 5047 887 5136 petra
913 5001 1243 5103 arenoso-cretaeea
1278 5021 1440 5124 ejusdem
1478 5025 1556 5098 sere
1595 5029 1764 5128 regionis.
1822 5026 2015 5104 vertebrae
2048 5031 2207 5129 piscium
2243 5025 2284 5101 δι
2316 5053 2478 5134 squamae

598 5179 672 5252 huc
697 5171 896 5274 pertinent.
945 5163 1087 5238 Harum
1124 5160 1236 5232 etiam
1270 5159 1474 5260 fragmenta
1508 5161 1740 5264 depingenda
1768 5165 1977 5238 curavimus
2006 5165 2046 5237 in
2071 5162 2164 5236 Tab.
2193 5175 2316 5237 nostra
2344 5166 2393 5238 X.
2418 5169 2476 5267 fig.

597 5341 621 5389 ι
648 5310 690 5384 &
718 5309 752 5383 3.
804 5305 854 5378 At
884 5325 971 5378 vero
1005 5321 1090 5372 eum
1125 5295 1257 5370 caelum
1293 5290 1373 5370 hec
1405 5323 1482 5374 non
1513 5299 1603 5375 talia
1634 5299 1790 5390 reddere
1825 5301 2003 5398 potuerit,
2039 5299 2165 5400 qualia
2196 5299 2302 5374 oculo
2333 5316 2476 5377 armato

558 5477 562 5496 ¹
597 5474 674 5527 sese
707 5439 910 5548 praebeant,
948 5447 1051 5512 tanto
1084 5435 1200 5533 magis
1237 5437 1481 5508 necessarium
1521 5435 1629 5524 nobis
1661 5435 1784 5514 visum
1814 5437 1902 5522 tuit,
1937 5450 1979 5509 ut
2011 5449 2135 5508 exacte
2173 5436 2477 5515 describerentur.

597 5563 681 5686 Εἲς]
703 5607 737 5662 a.
762 5577 1009 5674 fragmentum
1036 5567 1214 5652 vertebrae
1240 5571 1351 5667 piscis
1378 5575 1583 5674 exprimere
1610 5573 1702 5648 vult.
1754 5569 1955 5669 Exemplar
1981 5569 2089 5671 hujus
2113 5573 2230 5645 iconis
2256 5570 2477 5673 clepsydrae-

598 5723 716 5798 forme
750 5725 805 5790 est
835 5707 876 5784 ὃ(
909 5707 933 5782 8
964 5703 1112 5780 millim.
1153 5702 1250 5804 long.
1281 5706 1307 5778 6
1340 5729 1427 5780 vero
1459 5708 1587 5784 latum.
1645 5709 1793 5782 Cavitas
1820 5720 1973 5805 utraque
2001 5707 2128 5780 conica
2161 5708 2264 5807 apice
2296 5705 2480 5809 contigua,

598 5861 698 5934 intus
731 5847 969 5928 transversim
985 5895 989 5904 ·
1005 5844 1145 5918 striata.
1204 5841 1250 5916 In
1281 5839 1363 5914 aliie
1388 5844 1670 5942 speciminibus,
1704 5823 1759 5920 &⁴
1777 5841 1919 5946 quoque
1951 5844 1992 5916 iu
2023 5841 2110 5928 hoc,
2149 5847 2302 5942 vestigia
2330 5869 2477 5946 prooes-

562 6009 568 6019 '
599 6019 708 6072 suum
732 5987 1022 6068 observavimus,
1054 5983 1221 6082 quamvis
1240 5991 1364 6054 tarnen
1389 6003 1533 6082 semper
1561 5983 1676 6058 fracta
1702 5981 1742 6056 δι
1767 5977 1964 6054 multilata.
2018 5978 2129 6054 Color
2156 5979 2287 6056 fuscus.

762 6127 849 6202 Haec
876 6123 1081 6224 fragmenta
1105 6118 1271 6194 nondum
1298 6119 1371 6194 nisi
1403 6117 1445 6192 in
1471 6115 1569 6192 calce
1600 6143 1750 6194 arenosa
1780 6114 1821 6189 δι
1852 6112 2080 6232 carbonisera
2108 6117 2185 6268 agri
2213 6116 2471 6222 deiugensis,

599 6267 725 6366 ibique
751 6251 954 6348 rarissime,
982 6260 1132 6337 inventa
1159 6268 1256 6332 sunt.

603 6405 680 6501 Frg.
707 6397 741 6472 3.
765 6423 795 6468 a.
820 6397 850 6466 b.
879 6393 970 6466 duas
996 6395 1137 6495 praebet
1163 6394 1323 6498 piscium
1348 6413 1516 6489 squamas
1544 6413 1588 6464 ex
1616 6392 1745 6468 eadem
1776 6403 1881 6494 petra
1914 6391 1957 6464 in
1987 6413 2059 6490 qua
2089 6383 2346 6468 vertebrarum
2377 6397 2474 6498 frag·

652 6542 778 6610 menta
806 6534 934 6630 jacent.
984 6527 1077 6604 Sunt
1104 6555 1201 6606 vero·
1216 6531 1274 6606 hae
1301 6551 1461 6630 squamae
1486 6530 1727 6602 transversim
1750 6525 1960 6610 subovales,
1990 6523 2250 6616 rubro-fuscae,
2285 6535 2475 6632 superficie

601 6703 607 6714 ·
633 6667 786 6753 nitida,
816 6662 1062 6738 minutissime
1088 6663 1129 6739 dt
1153 6668 1401 6770 pulcherrime
1428 6665 1598 6742 unditim
1624 6668 1770 6752 striata,
1797 6664 1963 6762 margine
1990 6663 2175 6764 superiore
2203 6670 2318 6764 magis
2344 6693 2473 6746 arcua-

656 6817 715 6890 m,
754 6801 926 6878 inferiore
956 6796 1145 6888 subrecto,
1186 6803 1356 6892 dentatos
1399 6801 1570 6879 dantibus
1598 6803 1726 6896 4-6a
1762 6813 1900 6885 centro,
1935 6797 2116 6898 plicarum
2144 6803 2269 6886 instar,
2295 6804 2471 6887 radiatim

601 6971 608 6986 ·
653 6936 976 7044 proficiscentibus.
1017 6975 1071 6996 -
1111 6937 1198 7012 Huc
1223 6967 1309 7018 vero
1335 6965 1495 7047 squama
1520 6941 1639 7014 forma
1667 6939 1707 7012 in
1734 6940 1876 7014 Genese
1908 6933 2046 7012 Labri
2074 6936 2279 7039 praesertim
2305 6937 2467 7024 obvenit.

655 7078 761 7154 Cont’.
787 7075 945 7152 Skand.
972 7074 1100 7151 Faun.
1128 7101 1156 7148 s.
1182 7075 1209 7152 l.
