5418 8510
1192 865 1857 962 ··.....v1....··

724 1123 832 1221 Quae
845 1123 1036 1218 exemplario
1059 1117 1246 1212 mcunptesa
1269 1143 1333 1196 non
1355 1123 1458 1194 solum
1483 1121 1659 1215 descripsi,
1683 1123 1743 1194 see
1764 1123 1859 1198 etiam
1882 1145 2108 1222 menumquam
2130 1121 2265 1222 effluxi,
2291 1130 2370 1201 uitio
2392 1131 2460 1202 mi-

588 1228 623 1300 bi
636 1229 786 1322 sortasse
815 1237 984 1306 verteturs
1007 1223 1062 1296 boc
1088 1239 1161 1292 uero
1187 1228 1320 1304 uitium,
1344 1224 1432 1320 quod
1449 1245 1605 1294 commum
1627 1221 1704 1295 mibi
1726 1237 1777 1296 est
1797 1249 1867 1298 curn
1889 1228 2032 1300 omnibus
2047 1227 2124 1323 fere
2153 1228 2230 1310 illis,
2257 1233 2314 1325 qui
2338 1233 2377 1301 cle
2392 1253 2460 1322 pe-

589 1328 747 1422 trificatis
768 1329 993 1418 sorbuerunt,
1020 1326 1138 1396 euitare
1161 1345 1225 1397 non
1249 1327 1360 1421 potui,
1382 1328 1568 1418 prasertim
1594 1348 1681 1409 sum,
1706 1339 1861 1420 quantum
1875 1325 1958 1421 fieri
1977 1343 2107 1420 posset,
2142 1329 2316 1402 absolutam
2340 1333 2461 1403 aslum-

588 1431 762 1502 bracs'onem
795 1432 934 1499 omnium
965 1441 1109 1498 cretacen
1133 1424 1348 1522 formationis
1374 1423 1750 1524 pettficotornmssapucl
1779 1438 1837 1516 nps
1863 1431 2111 1528 obuepieutium,
2149 1431 2256 1502 vellem
2282 1446 2459 1526 prostare.

589 1529 708 1605 Omnia
731 1543 837 1600 eutem
855 1531 1054 1628 fragmenta,
1081 1515 1364 1623 qua'luimauee
1389 1531 1507 1610 curavi,
1542 1541 1607 1599 tam
1630 1529 1769 1626 insignia
1793 1545 1873 1603 sunt
1899 1545 1939 1602 ut
1964 1533 2103 1623 species,
2132 1532 2228 1629 cujus
2247 1537 2335 1614 sint,
2350 1535 2460 1628 focile

586 1657 627 1705 esc
650 1633 716 1704 illis
742 1633 964 1728 dignoscatur.
1019 1628 1117 1722 Quod
1145 1629 1176 1699 si
1195 1633 1327 1728 fastum
1350 1629 1483 1724 fuerit,
1514 1628 1679 1702 conscilium
1711 1632 1801 1702 nobie
1827 1635 2035 1727 propositum
2069 1653 2301 1730 consequemur.

721 1801 824 1876 Doleo
849 1827 924 1876 sane
946 1824 994 1874 nec
1015 1807 1081 1874 non
1105 1763 1251 1894 potuisse
1273 1789 1434 1873 consulere
1457 1802 1560 1874 omnio
1583 1799 1638 1872 illa
1665 1803 1791 1898 egregia
1817 1797 1928 1893 Opera
1950 1802 2091 1874 iconibus
2111 1817 2328 1900 ornatuque
2348 1805 2458 1878 inbac

589 1909 662 2002 ipso
683 1905 822 1998 scientia
840 1917 939 1997 parte
963 1904 1002 1974 ab
1027 1905 1147 1974 exteris
1178 1919 1259 1976 sunt
1281 1905 1378 1982 clito.
1429 1902 1514 1981 Sul,
1554 1926 1625 1974 cum
1652 1911 1765 2000 neque'
1783 1904 1817 1972 in
1845 1901 2040 1975 Bibliotheca
2070 1903 2170 2002 bajus
2183 1903 2376 1979 matema
2401 1911 2453 1979 in·

587 2010 773 2088 e'seninntur,
794 2004 893 2102 ne'que
913 2015 953 2076 ut
976 2005 1041 2098 ipsi
1067 2001 1161 2074 nolis
1178 2005 1233 2077 illa
1255 2022 1475 2098 comparemus*
1492 2005 1540 2074 rei
1553 2004 1735 2099 familiaris
1755 2006 1840 2074 ratio
1859 2009 2049 2100 permittat,
2078 2007 2179 2077 multe
2201 2007 2329 2080 illorum
2354 2033 2452 2106 neque

586 2113 686 2180 citare
710 2130 809 2202 neque
840 2109 876 2176 in
904 2108 1076 2178 utilitatem
1106 2117 1251 2179 nostram
1273 2103 1417 2200 conferre
1444 2105 1621 2198 potuimus.
1677 2103 1773 2196 Quod
1802 2127 1874 2176 uero
1904 2131 1968 2178 non
1990 2108 2099 2178 adtuli
2126 2111 2191 2181 nisi
2212 2124 2251 2183 eet
2275 2113 2351 2183 mite
2375 2111 2450 2184 mibi

576 2211 744 2309 jnduium
767 2209 805 2279 eb
821 2208 887 2280 illis
899 2229 1060 2303 perorem,
1084 2207 1200 2306 quibus
1223 2209 1327 2278 omnia
1351 2227 1422 2304 qua
1445 2226 1585 2302 unquam
1611 2205 1668 2278 leae
1692 2205 1732 2277 ele
1756 2230 1793 2276 re
1819 2209 1906 2280 edite
1919 2223 2117 2304 suntopera,
2142 2212 2228 2289 inter
2249 2234 2282 2283 se
2306 2211 2449 2308 confirm

586 2311 731 2405 contigit.
951 2332 957 2344 ·
1724 2318 1727 2326 ’
1996 2336 1998 2342 ·

723 2475 944 2549 Plurimareem
968 2499 1048 2575 quas
1072 2477 1136 2551 leeie
1160 2483 1332 2554 describam
1356 2481 1530 2574 specierum
1552 2499 1699 2578 magnam
1720 2483 1828 2579 collegi
1854 2483 1993 2576 copam.
2023 2473 2078 2565 El,
2109 2503 2178 2552 cum
2203 2477 2282 2550 mibi
2300 2479 2374 2578 jam
2399 2505 2452 2552 co-

582 2583 683 2680 gnito
705 2580 775 2652 sint
799 2577 865 2654 loca
888 2581 943 2650 ubi
968 2583 1148 2660 obveniant,
1165 2585 1280 2676 plures
1304 2605 1427 2680 quoqne
1448 2603 1533 2652 anno
1552 2583 1699 2680 colligere
1718 2607 1862 2675 possum.
1920 2566 2059 2654 Gretmn
2081 2586 2185 2680 igitur
2208 2576 2255 2652 bl*
2263 2581 2451 2680 jucundum

586 2681 664 2753 milei
688 2684 752 2752 erit
773 2704 844 2752 eum
866 2679 995 2765 Doctie,
1022 2687 1080 2778 qui
1094 2683 1192 2778 forte
1214 2687 1415 2767 desiderant,
1440 2684 1631 2776 exemplaria
1649 2687 1893 2762 communicare,
1926 2688 1957 2754 si
1982 2687 2074 2754 modo
2098 2687 2215 2776 species
2239 2706 2320 2777 quas
2341 2687 2451 2776 potis-

587 2785 704 2852 simum
728 2793 853 2868 optent,
880 2783 1049 2876 designare
1066 2786 1236 2854 voluerint.
1287 2784 1369 2875 Qua
1392 2788 1556 2854 missiones
1582 2787 1614 2855 si
1640 2787 1867 2880 quodammodo
1889 2790 2122 2882 cornpmspndn
2144 2787 2331 2869 videantur,
2361 2782 2451 2880 Ope-

585 2883 694 2958 re.oel
718 2879 897 2978 Guologiam
921 2881 971 2950 uel
995 2879 1177 2956 Historiam
1197 2887 1382 2958 naturalem
1406 2889 1599 2979 spectantia,
1619 2901 1659 2958 ut
1681 2889 1900 2966 remittentur,
1924 2889 2075 2981 inprimis
2100 2899 2253 2980 exoptem.

706 3147 712 3160 ς
739 3146 742 3156 e

820 3138 853 3250 §2
881 3139 928 3224 ῘῙ.
979 3136 1281 3226 Formacio'nis
1314 3159 1521 3223 cretaceus
1552 3149 1756 3224 Suecanae
1787 3148 1938 3226 brevis
1974 3151 2213 3251 expositio.

721 3311 954 3394 Formationem
977 3336 1146 3394 cretaceum
1163 3321 1250 3420 susc
1272 3323 1463 3400 describere,
1484 3344 1555 3394 cum
1576 3325 1727 3420 angustio
1752 3319 1798 3394 bf
1813 3326 1872 3397 loci
1896 3320 1944 3398 it
1959 3327 2112 3418 temporis
2135 3347 2193 3394 nos
2217 3333 2320 3403 uetat,
2336 3323 2454 3414 paucis

584 3423 689 3514 tamen
717 3419 804 3496 illam
826 3416 1016 3496 adumbrare
1043 3428 1234 3516 conabimur.

590 3623 599 3642 =
719 3595 867 3667 Primum
888 3597 1064 3692 generatim
1087 3593 1251 3665 obseruare
1279 3592 1426 3664 debemus
1453 3591 1531 3664 banc
1553 3591 1785 3686 formationem
1813 3595 1848 3666 in
1870 3616 1985 3692 magno
2008 3607 2108 3688 perte
2132 3593 2351 3666 meridionalis
2371 3595 2453 3664 Sue-

585 3700 657 3775 cta,
678 3700 866 3790 prasertim
888 3718 963 3765 uero
988 3699 1023 3765 in
1045 3697 1158 3765 Sannio
1184 3699 1337 3778 obvenire,
1361 3699 1505 3791 quamuis
1529 3697 1568 3764 ab
1591 3695 1751 3767 borrenelo
1773 3697 1828 3767 illo
1855 3721 1963 3768 rerum
1988 3699 2246 3779 commutatione,
2278 3717 2370 3790 quem
2401 3720 2453 3764 se-

577 3799 813 3896 ptentrionales
836 3796 944 3869 saltim
969 3797 1112 3893 Europa
1134 3798 1251 3896 plaga,
1276 3797 1445 3868 recentiori
1462 3819 1547 3873 ¹cauo,
1576 3801 1763 3881 subierunt,
1786 3811 1894 3870 strata
1916 3799 1990 3894 ejus
2016 3795 2109 3874 teuc,
2124 3819 2263 3888 parvum
2276 3801 2454 3890 occeperint

583 3899 821 3971 detrimentum.
877 3891 984 3996 Cujus
1006 3899 1133 3995 quidem
1155 3899 1407 3970 commentationis
1436 3911 1588 3968 momento
1618 3901 1763 3990 deposito
1788 3899 2002 3992 formationis
2020 3889 2189 3976 'cretaeeoe‚
2225 3910 2317 3969 antea
2352 3903 2454 3995 magis

584 4003 744 4084 contiuua,
766 3989 841 4100 jam
864 3997 1044 4080 ‘dissoluta
1068 4001 1143 4099 jam
1170 4004 1356 4094 interrupta
1381 3989 1425 4066 it*
1446 3999 1607 4092 disjecta,
1629 4000 1704 4096 jem
1738 3998 1903 4090 lapidum,
1932 3999 2055 4095 aegilia
2083 3991 2130 4066 it
2147 4021 2252 4068 arenae
2286 4007 2455 4070 commixto

583 4107 724 4198 congerie
753 4101 869 4172 obruto
884 4107 1043 4195 fuerunt,
1068 4125 1131 4196 qun
1150 4103 1307 4196 plurimis
1332 4097 1435 4168 adbuc
1459 4099 1536 4168 locis
1568 4111 1679 4190 operto
1709 4111 1798 4168 sunt.
1850 4102 1895 4170 In
1918 4102 2037 4192 campis
2072 4100 2177 4194 igitur
2208 4101 2326 4170 Scane'ee
2348 4102 2454 4196 frag·

583 4215 689 4296 mento
713 4203 931 4292 depositorum
960 4215 1169 4273 cretaceorum
1202 4202 1336 4270 duriora
1367 4194 1488 4283 (silicet
1516 4197 1621 4268 silices
1656 4193 1702 4268 ff
1727 4203 1813 4270 silice
1844 4201 1974 4292 impleta
2000 4197 2203 4293 petrficata)
2241 4203 2354 4292 ubique
2372 4203 2450 4288 fere

582 4311 768 4372 occurrunt.
817 4297 933 4394 Atque
955 4301 1040 4378 leuc,
1073 4305 1108 4369 ni
1127 4300 1298 4394 fallimur,
1329 4318 1441 4391 caussa
1458 4307 1516 4376 ,est
1535 4317 1595 4370 eur
1620 4299 1765 4390 deposito
1790 4313 1884 4373 creta·
1908 4303 1984 4396 jane
2009 4302 2100 4394 apud
2122 4323 2180 4370 noe
2207 4323 2270 4373 reon
2281 4299 2361 4393 sere
2385 4301 2450 4368 nisi

583 4401 724 4500 ipaesim
749 4397 924 4474 obveniant.

588 4591 602 4602 ·
631 4551 679 4592 ”’
719 4571 843 4670 Ubique
866 4573 901 4642 in
926 4571 1049 4644 nostris
1071 4571 1172 4644 terris
1197 4565 1252 4641 leoc
1274 4565 1347 4642 leuic
1361 4567 1559 4665 formationi
1583 4587 1741 4638 commune
1769 4581 1834 4650 est,
1864 4583 1905 4640 ut
1929 4568 2085 4662 depositis
2108 4564 2278 4637 bumilibus
2305 4587 2346 4636 ex
2368 4589 2450 4636 com-

580 4681 671 4752 muni
697 4687 794 4748 terrae
814 4669 982 4768 superficie
1005 4676 1064 4744 oisc
1084 4673 1292 4741 eminentibus
1315 4674 1526 4741 contineatur.
1581 4667 1708 4764 Ubique
1730 4695 1750 4739 a
1773 4673 1891 4740 stratis
1917 4674 2055 4740 terrenis
2077 4669 2234 4764 congestis
2266 4681 2390 4760 operta,
2410 4657 2458 4738 if

579 4781 670 4848 saxis
697 4777 746 4856 uel
767 4789 938 4868 petrarum
961 4773 1137 4864 majoribus
1153 4771 1357 4866 fragmentis
1380 4767 1514 4851 obruta,
1539 4767 1602 4837 leae
1614 4769 1779 4860 formatio
1798 4771 1946 4860 nuspiam
1972 4771 2060 4838 nuda
2090 4773 2221 4843 eminet,
2245 4769 2309 4838 nisi
2332 4772 2367 4838 in
2394 4771 2452 4840 cli·
2530 4793 2533 4804 ¹

583 4881 633 4948 uis
655 4869 703 4947 it
716 4875 902 4969 praeceptis
927 4873 973 4945 acl
996 4875 1087 4967 ripas
1100 4871 1282 4968 fluuiorum
1307 4865 1354 4940 ej
1373 4871 1510 4946 lacuum.
1535 4879 1594 4940 aut
1620 4868 1686 4938 illis
1711 4871 1787 4941 louis
1807 4871 1864 4949 ubi
1880 4872 1915 4950 in
1934 4887 2029 4940 casnm
2049 4869 2209 4946 bominem
2225 4869 2339 4960 fuerit
2357 4893 2453 4961 oper-

580 4965 630 5048 t'o.
683 4971 845 5071 Deposito
870 4973 942 5074 ejus
963 4979 1107 5068 quamuis
1142 4972 1285 5064 bumilia,
1309 4973 1401 5044 uelde
1426 4985 1530 5043 tomen
1551 4969 1727 5064 profunda
1748 4963 1793 5040 ἔθ’
1812 4969 1921 5041 ualida
1943 4993 2027 5062 soepe
2049 4986 2139 5042 sunt.
2197 4969 2246 5038 Sic
2274 4973 2455 5066 depositum

580 5067 626 5148 acl
650 5075 886 5173 Ignaberga
904 5075 1039 5152 obuium.
1066 5076 1210 5170 quamuis
1234 5075 1279 5151 ad
1299 5075 1451 5172 mojorem
1473 5095 1567 5167 quam
1587 5082 1714 5142 centum
1739 5071 1858 5164 prelum
1881 5072 2144 5164 pmfundicatem
2170 5071 2460 5166 operueruntfos·

578 5183 679 5253 s'ores,
700 5171 854 5269 fundum
874 5187 979 5246 tamen
1003 5179 1153 5268 nuspiam
1175 5177 1378 5249 invenerunt.
1420 5177 1476 5266 ¹Ire
1500 5173 1626 5270 regione
1652 5195 1727 5244 uero
1758 5176 1843 5245 cirea
1872 5174 1975 5246 laeum
2005 5173 2138 5269 Ifo'sji.
2178 5173 2325 5264 deposita
2353 5174 2456 5244 necelto

579 5277 715 5370 insuper
733 5273 958 5369 profundiora
982 5275 1202 5374 reperiuntur.
1326 5307 1330 5316 ·

593 5473 601 5485 ·
712 5446 758 5515 In
778 5445 934 5538 plurimis
958 5441 1025 5515 illis
1042 5443 1140 5524 locis,
1169 5445 1225 5515 ubi
1247 5441 1535 5536 superpositionem
1558 5453 1739 5515 stratorum
1762 5445 1943 5511 examinare
1960 5445 2078 5525 licuit,
2107 5446 2141 5515 in
2166 5441 2276 5536 petris
2297 5437 2453 5534 antiquis·

578 5553 666 5621 rimu
676 5545 903 5637 formationis,
935 5567 1005 5632 qua
1029 5567 1049 5607 n
1071 5548 1243 5638 gnelsiu
1267 5567 1378 5608 nornen
1399 5542 1523 5616 Ιιαὸναν,
1549 5546 1726 5608 immediate
1749 5542 1849 5608 locata
1868 5542 2058 5636 plerumque
2080 5539 2308 5624 inueniuntur:
2340 5540 2451 5608 rarius

578 5652 615 5716 e'n
636 5643 793 5735 depositis
807 5635 1021 5734 formationis
1046 5639 1251 5708 transitionis
1267 5632 1394 5740 joce'eet.
1420 5659 1469 5706 cx.
1489 5655 1547 5732 gr.
1573 5637 1619 5706 incl
1638 5637 1801 5729 prndium
1835 5627 2050 5735 Tleterup.
2107 5639 2178 5712 Nec
2200 5643 2267 5714 nisi
2291 5663 2354 5708 uno
2375 5635 2452 5710 Sca·

578 5749 642 5830 reice
664 5746 741 5824 loco,
762 5761 865 5834 prope
892 5731 1117 5820 Limb'nmn,
1146 5739 1315 5833 antiquius
1335 5735 1551 5828 formationis
1580 5739 1830 5810 sedimentbrum
1860 5742 2074 5835 depositum,'
2095 5744 2207 5816 calcem
2236 5743 2303 5812 scil.
2319 5743 2451 5839 jugosi-

578 5869 660 5956 νων,
685 5864 758 5940 qun
784 5843 819 5911 in
843 5842 958 5914 uicinia
981 5841 1106 5923 eminet,
1124 5841 1249 5932 operire
1273 5839 1407 5912 uidetur
1428 5851 1525 5910 creto.

716 6007 768 6084 Ut
784 6007 926 6108 jamjam
950 6010 1202 6088 obseeuaoimeec.
1229 6021 1338 6082 strata
1365 6019 1477 6080 nostra
1500 6022 1637 6082 cretacea
1654 6013 1692 6082 ab
1716 6010 1930 6084 alluvionibus
1955 6015 2080 6086 mnnino
2106 6023 2272 6112 teguntur.
2316 6013 2363 6084 In
2384 6033 2451 6080 una

530 6143 532 6147 ·
578 6129 707 6194 mmmm
729 6115 849 6209 plaga,
871 6111 916 6184 nd
936 6115 1021 6182 uicos
1043 6111 1232 6182 Hammac
1261 6107 1309 6182 &l
1326 6107 1552 6209 Kbseberga
1574 6114 1736 6184 territorii
1759 6115 2039 6210 ingolstadiensis,
2058 6129 2156 6209 petra
2182 6113 2314 6185 calcaria
2338 6121 2459 6204 operto·

579 6232 630 6292 est
652 6220 690 6288 ab
715 6217 903 6286 immanibus
920 6213 1022 6311 jugis
1045 6206 1092 6282 67
1105 6211 1236 6285 collibus
1260 6215 1432 6291 arenoccls,
1457 6216 1514 6308 qui
1538 6217 1666 6310 quidem
1693 6217 1759 6308 ipsi
1782 6217 1904 6313 lignum
1917 6218 2038 6311 fossile
2063 6218 2290 6291 betuminosum
2312 6217 2347 6285 in
2361 6225 2452 6284 stra·

579 6323 627 6393 tie
652 6319 827 6390 continent.
879 6315 953 6397 See,
978 6326 1018 6386 ut
1043 6316 1218 6387 verosimile
1240 6315 1326 6386 mibi
1350 6317 1494 6394 uidetur,
1518 6310 1566 6386 87
1581 6339 1678 6387 arene
1702 6315 1797 6387 bucce
1821 6312 1868 6388 bt*
1878 6305 2000 6417 lignum
2023 6321 2139 6409 fossile
2160 6318 2205 6390 ecl
2228 6319 2240 6386 i
2262 6341 2332 6387 sam
2355 6324 2450 6386 creta

568 6420 801 6518 formationem
814 6419 997 6508 pertinent,
1022 6419 1210 6510 prasertim
1235 6437 1304 6516 cum
1328 6419 1363 6486 in
1384 6418 1492 6488 eadem
1515 6416 1592 6512 fere
1622 6419 1748 6516 regione
1779 6443 1841 6488 non
1877 6423 1983 6491 minus
2009 6423 2176 6491 carbonum
2260 6419 2450 6515 lignitomern

577 6521 746 6620 pustula,
765 6538 859 6612 quaen
874 6509 1019 6610 frbnles
1040 6511 1181 6612 &folia
1191 6517 1328 6612 fossilis
1350 6519 1448 6588 simul
1468 6517 1749 6612 cumpetrificetis
1773 6541 1845 6614 oere
1880 6525 2028 6593 cretaceis
2056 6525 2090 6594 in
2128 6525 2199 6616 ipso
2228 6518 2337 6616 lapide
2359 6518 2449 6587 abur·

580 6623 684 6696 etms.
735 6613 832 6712 Conf-
856 6615 947 6692 Asu
968 6615 1080 6690 Accu.
1109 6619 1218 6692 Halm.
1241 6643 1296 6692 on.
1332 6617 1438 6711 1824.
1458 6645 1498 6714 p.
1529 6619 1609 6711 148.
1634 6616 1681 6692 il
1696 6643 1749 6692 an.
1779 6619 1883 6694 1826.
1900 6647 1938 6717 p.
1965 6619 2050 6714 445.
2324 6615 2326 6622 ”

540 6802 544 6820 ’
598 6810 603 6816 ·
674 6793 676 6798 ’
713 6769 815 6900 Brevi
836 6783 893 6891 boc
915 6777 1154 6890 adumbratione
1173 6793 1355 6885 proposita,
1381 6791 1448 6888 loca
1466 6791 1594 6890 singulo
1618 6797 1833 6868 enumerando
1854 6794 2092 6893 adgrediemur,
2114 6793 2169 6866 ubi
2183 6789 2343 6883 bucusque
2356 6785 2447 6880 npucl

581 6917 640 6970 reor
664 6896 793 6967 inuento
815 6903 896 6962 sunl
920 6890 1065 6984 deposita
1076 6891 1288 6986 formationis
1308 6907 1465 6965 cretaceu-
1754 6913 1778 6944 ·'

623 7131 657 7162 ἡ,
686 7061 863 7160 ,Spatium
889 7062 995 7161 igitur
1020 7062 1108 7158 quael
1130 7063 1167 7140 in
1191 7063 1300 7144 bisseio
1316 7063 1530 7144 ,meriiionuli
1555 7075 1690 7158 occupat
1718 7077 1818 7146 meta,
1845 7065 1884 7134 in
1908 7065 1992 7136 elues
2022 7069 2093 7138 ebir
2118 7063 2281 7160 regiones,
2309 7077 2444 7154 querum

578 7167 683 7244 aliern
703 7166 1037 7261 eeusepsmeslmen.
1057 7166 1161 7240 oltcm
1178 7167 1224 7240 ncl
1246 7168 1412 7242 memnon
1432 7171 1514 7244 sitas
1538 7165 1681 7242 continet
1697 7165 1814 7265 plagas
1834 7162 2293 7267 'illiusjugiyentiqaissimn
2313 7160 2445 7258 forma-
