<?xml version="1.0" encoding="UTF-8"?>
<!DOCTYPE html PUBLIC "-//W3C//DTD XHTML 1.0 Transitional//EN"
    "http://www.w3.org/TR/xhtml1/DTD/xhtml1-transitional.dtd">
<html xmlns="http://www.w3.org/1999/xhtml" xml:lang="en" lang="en">
 <head>
  <title>
</title>
<meta http-equiv="Content-Type" content="text/html;charset=utf-8" />
  <meta name='ocr-system' content='tesseract 3.04.00' />
  <meta name='ocr-capabilities' content='ocr_page ocr_carea ocr_par ocr_line ocrx_word'/>
</head>
<body>
  <div class='ocr_page' id='page_1' title='image "./petrificatasuec00nilsgoog_0010.png"; bbox 0 0 5418 8510; ppageno 0'>
   <div class='ocr_carea' id='block_1_1' title="bbox 765 1333 1516 1539">
    <p class='ocr_par' dir='ltr' id='par_1_1' title="bbox 765 1333 1516 1539">
     <span class='ocr_line' id='line_1_1' title="bbox 765 1333 1516 1539; baseline 0.005 -32"><span class='ocrx_word' id='word_1_1' title='bbox 765 1333 1516 1539; x_wconf 75' lang='lat' dir='ltr'><em>Prooemium.</em></span> 
     </span>
    </p>
   </div>
   <div class='ocr_carea' id='block_1_2' title="bbox 114 1706 2100 3160">
    <p class='ocr_par' dir='ltr' id='par_1_2' title="bbox 912 1706 1385 1810">
     <span class='ocr_line' id='line_1_2' title="bbox 912 1706 1385 1810; baseline -0.002 -27"><span class='ocrx_word' id='word_1_2' title='bbox 912 1706 945 1810; x_wconf 85' lang='lat'><em>§.</em></span> <span class='ocrx_word' id='word_1_3' title='bbox 970 1707 1000 1783; x_wconf 91' lang='lat'><em>1.</em></span> <span class='ocrx_word' id='word_1_4' title='bbox 1051 1706 1179 1782; x_wconf 80' lang='lat' dir='ltr'><strong>Ratio</strong></span> <span class='ocrx_word' id='word_1_5' title='bbox 1210 1707 1385 1810; x_wconf 85' lang='lat' dir='ltr'><strong>Operis.</strong></span> 
     </span>
    </p>

    <p class='ocr_par' dir='ltr' id='par_1_3' title="bbox 114 1818 2100 3160">
     <span class='ocr_line' id='line_1_3' title="bbox 225 1818 2085 2042; baseline 0.002 -28"><span class='ocrx_word' id='word_1_6' title='bbox 225 1818 400 2036; x_wconf 65' lang='lat' dir='ltr'><em>Studio</em></span> <span class='ocrx_word' id='word_1_7' title='bbox 420 1941 577 2042; x_wconf 87' lang='lat' dir='ltr'><em>geologieo</em></span> <span class='ocrx_word' id='word_1_8' title='bbox 601 1953 729 2039; x_wconf 85' lang='lat' dir='ltr'><em>quanto</em></span> <span class='ocrx_word' id='word_1_9' title='bbox 751 1943 908 2016; x_wconf 69' lang='lat' dir='ltr'><em>utilitatis</em></span> <span class='ocrx_word' id='word_1_10' title='bbox 931 1945 1105 2042; x_wconf 73' lang='lat' dir='ltr'><em>quantique</em></span> <span class='ocrx_word' id='word_1_11' title='bbox 1125 1945 1172 2018; x_wconf 90' lang='lat' dir='ltr'><em>sit</em></span> <span class='ocrx_word' id='word_1_12' title='bbox 1195 1947 1343 2020; x_wconf 89' lang='lat' dir='ltr'><em>mornmti</em></span> <span class='ocrx_word' id='word_1_13' title='bbox 1370 1952 1519 2020; x_wconf 89' lang='lat' dir='ltr'><em>accuratu</em></span> <span class='ocrx_word' id='word_1_14' title='bbox 1545 1937 1811 2035; x_wconf 75' lang='lat' dir='ltr'><em>Petribceturum</em></span> <span class='ocrx_word' id='word_1_15' title='bbox 1833 1943 1992 2042; x_wconf 52' lang='lat' dir='ltr'><em>cognitio</em></span> <span class='ocrx_word' id='word_1_16' title='bbox 2017 1939 2085 2016; x_wconf 81' lang='lat' dir='ltr'><em>biit</em></span> 
     </span>
     <span class='ocr_line' id='line_1_4' title="bbox 129 2043 2087 2146; baseline 0.004 -34"><span class='ocrx_word' id='word_1_17' title='bbox 129 2061 134 2084; x_wconf 83' lang='grc'><em>·</em></span> <span class='ocrx_word' id='word_1_18' title='bbox 221 2065 455 2116; x_wconf 89' lang='lat' dir='ltr'><em>commemorare</em></span> <span class='ocrx_word' id='word_1_19' title='bbox 477 2067 742 2138; x_wconf 88' lang='lat' dir='ltr'><em>superuacaneum</em></span> <span class='ocrx_word' id='word_1_20' title='bbox 757 2046 864 2142; x_wconf 88' lang='lat' dir='ltr'><em>soret,</em></span> <span class='ocrx_word' id='word_1_21' title='bbox 889 2071 960 2123; x_wconf 89' lang='lat' dir='ltr'><em>cum</em></span> <span class='ocrx_word' id='word_1_22' title='bbox 982 2045 1047 2118; x_wconf 86' lang='lat' dir='ltr'><em>boc</em></span> <span class='ocrx_word' id='word_1_23' title='bbox 1075 2049 1147 2140; x_wconf 82' lang='lat' dir='ltr'><em>ipsa</em></span> <span class='ocrx_word' id='word_1_24' title='bbox 1172 2068 1269 2118; x_wconf 90' lang='lat' dir='ltr'><em>resa</em></span> <span class='ocrx_word' id='word_1_25' title='bbox 1298 2047 1509 2139; x_wconf 74' lang='lat' dir='ltr'><em>Principibus</em></span> <span class='ocrx_word' id='word_1_26' title='bbox 1529 2047 1668 2146; x_wconf 75' lang='lat' dir='ltr'><em>scientio</em></span> <span class='ocrx_word' id='word_1_27' title='bbox 1686 2043 1760 2144; x_wconf 87' lang='lat' dir='ltr'><em>jam</em></span> <span class='ocrx_word' id='word_1_28' title='bbox 1778 2055 1872 2120; x_wconf 82' lang='lat' dir='ltr'><em>extra</em></span> <span class='ocrx_word' id='word_1_29' title='bbox 1887 2067 2005 2121; x_wconf 78' lang='lat' dir='ltr'><em>amm</em></span> <span class='ocrx_word' id='word_1_30' title='bbox 2017 2047 2087 2130; x_wconf 56' lang='lat' dir='ltr'><em>dus</em></span> 
     </span>
     <span class='ocr_line' id='line_1_5' title="bbox 220 2144 2085 2246; baseline 0.003 -34"><span class='ocrx_word' id='word_1_31' title='bbox 220 2145 401 2216; x_wconf 81' lang='lat' dir='ltr'><em>litationem</em></span> <span class='ocrx_word' id='word_1_32' title='bbox 422 2145 528 2236; x_wconf 82' lang='lat' dir='ltr'><em>fuerit</em></span> <span class='ocrx_word' id='word_1_33' title='bbox 546 2151 665 2240; x_wconf 86' lang='lat' dir='ltr'><em>posita.</em></span> <span class='ocrx_word' id='word_1_34' title='bbox 718 2147 781 2244; x_wconf 66' lang='lat' dir='ltr'><em>¹Sed</em></span> <span class='ocrx_word' id='word_1_35' title='bbox 804 2149 973 2220; x_wconf 86' lang='lat' dir='ltr'><em>dicendum</em></span> <span class='ocrx_word' id='word_1_36' title='bbox 988 2149 1139 2243; x_wconf 87' lang='lat' dir='ltr'><em>forsitan</em></span> <span class='ocrx_word' id='word_1_37' title='bbox 1163 2159 1338 2233; x_wconf 68' lang='lat' dir='ltr'><em>ect,‚ctur,</em></span> <span class='ocrx_word' id='word_1_38' title='bbox 1375 2151 1461 2220; x_wconf 89' lang='lat' dir='ltr'><em>inter</em></span> <span class='ocrx_word' id='word_1_39' title='bbox 1482 2144 1668 2246; x_wconf 66' lang='lat' dir='ltr'><em>petrfficatu</em></span> <span class='ocrx_word' id='word_1_40' title='bbox 1694 2145 1855 2242; x_wconf 81' lang='lat' dir='ltr'><em>Suecaeur,¹</em></span> <span class='ocrx_word' id='word_1_41' title='bbox 1892 2171 1927 2240; x_wconf 79' lang='lat' dir='ltr'><em>ea</em></span> <span class='ocrx_word' id='word_1_42' title='bbox 1947 2148 2085 2244; x_wconf 81' lang='lat' dir='ltr'><em>potissi-</em></span> 
     </span>
     <span class='ocr_line' id='line_1_6' title="bbox 164 2245 2100 2345; baseline 0.002 -31"><span class='ocrx_word' id='word_1_43' title='bbox 164 2245 182 2306; x_wconf 59' lang='grc' dir='ltr'><em>ἶ</em></span> <span class='ocrx_word' id='word_1_44' title='bbox 221 2255 306 2316; x_wconf 81' lang='lat' dir='ltr'><em>mum</em></span> <span class='ocrx_word' id='word_1_45' title='bbox 333 2247 498 2319; x_wconf 85' lang='lat' dir='ltr'><em>illustrare</em></span> <span class='ocrx_word' id='word_1_46' title='bbox 533 2259 666 2320; x_wconf 89' lang='lat' dir='ltr'><em>conatus</em></span> <span class='ocrx_word' id='word_1_47' title='bbox 695 2252 774 2333; x_wconf 90' lang='lat' dir='ltr'><em>sim,</em></span> <span class='ocrx_word' id='word_1_48' title='bbox 804 2273 873 2344; x_wconf 87' lang='lat' dir='ltr'><em>quo</em></span> <span class='ocrx_word' id='word_1_49' title='bbox 902 2251 947 2320; x_wconf 89' lang='lat' dir='ltr'><em>ad</em></span> <span class='ocrx_word' id='word_1_50' title='bbox 969 2249 1255 2345; x_wconf 87' lang='lat' dir='ltr'><em>formationem</em></span> <span class='ocrx_word' id='word_1_51' title='bbox 1286 2264 1498 2322; x_wconf 71' lang='lat' dir='ltr'><em>cretaceum</em></span> <span class='ocrx_word' id='word_1_52' title='bbox 1525 2251 1727 2343; x_wconf 86' lang='lat' dir='ltr'><em>pertineant.</em></span> <span class='ocrx_word' id='word_1_53' title='bbox 1785 2245 1884 2340; x_wconf 79' lang='lat' dir='ltr'><em>Quod</em></span> <span class='ocrx_word' id='word_1_54' title='bbox 1913 2274 1988 2322; x_wconf 88' lang='lat' dir='ltr'><em>uero</em></span> <span class='ocrx_word' id='word_1_55' title='bbox 2017 2253 2100 2338; x_wconf 59' lang='lat' dir='ltr'><em>camj</em></span> 
     </span>
     <span class='ocr_line' id='line_1_7' title="bbox 222 2347 2087 2447; baseline 0.002 -33"><span class='ocrx_word' id='word_1_56' title='bbox 222 2347 380 2440; x_wconf 81' lang='lat' dir='ltr'><em>imprimis</em></span> <span class='ocrx_word' id='word_1_57' title='bbox 405 2351 441 2418; x_wconf 91' lang='lat' dir='ltr'><em>ob</em></span> <span class='ocrx_word' id='word_1_58' title='bbox 461 2373 601 2420; x_wconf 81' lang='lat' dir='ltr'><em>cucusam</em></span> <span class='ocrx_word' id='word_1_59' title='bbox 614 2351 705 2445; x_wconf 90' lang='lat' dir='ltr'><em>feci,</em></span> <span class='ocrx_word' id='word_1_60' title='bbox 732 2354 876 2447; x_wconf 86' lang='lat' dir='ltr'><em>quoniam</em></span> <span class='ocrx_word' id='word_1_61' title='bbox 899 2351 963 2422; x_wconf 86' lang='lat' dir='ltr'><em>buc</em></span> <span class='ocrx_word' id='word_1_62' title='bbox 989 2356 1084 2446; x_wconf 60' lang='lat' dir='ltr'><em>ussa,</em></span> <span class='ocrx_word' id='word_1_63' title='bbox 1114 2373 1156 2422; x_wconf 85' lang='lat' dir='ltr'><em>ex</em></span> <span class='ocrx_word' id='word_1_64' title='bbox 1189 2353 1333 2422; x_wconf 90' lang='lat' dir='ltr'><em>omnibus</em></span> <span class='ocrx_word' id='word_1_65' title='bbox 1356 2349 1447 2444; x_wconf 90' lang='lat' dir='ltr'><em>apud</em></span> <span class='ocrx_word' id='word_1_66' title='bbox 1475 2373 1534 2420; x_wconf 90' lang='lat' dir='ltr'><em>etos</em></span> <span class='ocrx_word' id='word_1_67' title='bbox 1563 2351 1681 2434; x_wconf 88' lang='lat' dir='ltr'><em>obuiis,</em></span> <span class='ocrx_word' id='word_1_68' title='bbox 1712 2352 1877 2420; x_wconf 86' lang='lat' dir='ltr'><em>minimum</em></span> <span class='ocrx_word' id='word_1_69' title='bbox 1908 2353 2087 2420; x_wconf 88' lang='lat' dir='ltr'><em>examinata</em></span> 
     </span>
     <span class='ocr_line' id='line_1_8' title="bbox 223 2449 2089 2550; baseline 0.001 -34"><span class='ocrx_word' id='word_1_70' title='bbox 223 2461 321 2545; x_wconf 87' lang='lat' dir='ltr'><em>etque</em></span> <span class='ocrx_word' id='word_1_71' title='bbox 341 2456 465 2547; x_wconf 89' lang='lat' dir='ltr'><em>cognita</em></span> <span class='ocrx_word' id='word_1_72' title='bbox 482 2464 572 2522; x_wconf 88' lang='lat' dir='ltr'><em>sunt.</em></span> <span class='ocrx_word' id='word_1_73' title='bbox 624 2453 722 2524; x_wconf 88' lang='lat' dir='ltr'><em>Inter</em></span> <span class='ocrx_word' id='word_1_74' title='bbox 739 2455 855 2546; x_wconf 89' lang='lat' dir='ltr'><em>plures</em></span> <span class='ocrx_word' id='word_1_75' title='bbox 878 2459 961 2526; x_wconf 89' lang='lat' dir='ltr'><em>enim</em></span> <span class='ocrx_word' id='word_1_76' title='bbox 984 2477 1081 2550; x_wconf 80' lang='lat' dir='ltr'><em>quam</em></span> <span class='ocrx_word' id='word_1_77' title='bbox 1105 2455 1387 2546; x_wconf 83' lang='lat' dir='ltr'><em>centum&#39;spcciec,</em></span> <span class='ocrx_word' id='word_1_78' title='bbox 1418 2473 1499 2546; x_wconf 83' lang='lat' dir='ltr'><em>quus</em></span> <span class='ocrx_word' id='word_1_79' title='bbox 1522 2453 1558 2522; x_wconf 93' lang='lat' dir='ltr'><em>in</em></span> <span class='ocrx_word' id='word_1_80' title='bbox 1582 2451 1638 2522; x_wconf 79' lang='lat' dir='ltr'><em>boe</em></span> <span class='ocrx_word' id='word_1_81' title='bbox 1665 2449 1846 2522; x_wconf 79' lang='lat' dir='ltr'><em>Volumina·</em></span> <span class='ocrx_word' id='word_1_82' title='bbox 1864 2451 2089 2522; x_wconf 87' lang='lat' dir='ltr'><em>describendus</em></span> 
     </span>
     <span class='ocr_line' id='line_1_9' title="bbox 222 2550 2096 2652; baseline 0.002 -35"><span class='ocrx_word' id='word_1_83' title='bbox 222 2550 408 2646; x_wconf 85' lang='lat' dir='ltr'><em>adgrediar,</em></span> <span class='ocrx_word' id='word_1_84' title='bbox 433 2575 564 2648; x_wconf 82' lang='lat' dir='ltr'><em>quoque</em></span> <span class='ocrx_word' id='word_1_85' title='bbox 591 2563 695 2624; x_wconf 87' lang='lat' dir='ltr'><em>tamen</em></span> <span class='ocrx_word' id='word_1_86' title='bbox 721 2556 874 2652; x_wconf 77' lang='lat' dir='ltr'><em>mansere</em></span> <span class='ocrx_word' id='word_1_87' title='bbox 896 2557 961 2626; x_wconf 90' lang='lat' dir='ltr'><em>nisi</em></span> <span class='ocrx_word' id='word_1_88' title='bbox 986 2556 1151 2626; x_wconf 80' lang='lat' dir='ltr'><em>dimidiam</em></span> <span class='ocrx_word' id='word_1_89' title='bbox 1175 2557 1315 2628; x_wconf 81' lang='lat' dir='ltr'><em>onmium</em></span> <span class='ocrx_word' id='word_1_90' title='bbox 1333 2565 1460 2648; x_wconf 84' lang='lat' dir='ltr'><em>partem</em></span> <span class='ocrx_word' id='word_1_91' title='bbox 1485 2555 1705 2633; x_wconf 88' lang='lat' dir='ltr'><em>constituunt,</em></span> <span class='ocrx_word' id='word_1_92' title='bbox 1734 2553 1989 2648; x_wconf 82' lang='lat' dir='ltr'><em>qsucceesstsetn</em></span> <span class='ocrx_word' id='word_1_93' title='bbox 2014 2561 2096 2630; x_wconf 67' lang='lat' dir='ltr'><em>tam,</em></span> 
     </span>
     <span class='ocr_line' id='line_1_10' title="bbox 174 2651 2092 2750; baseline 0.002 -32"><span class='ocrx_word' id='word_1_94' title='bbox 174 2661 181 2666; x_wconf 85' lang='lat'>&#39;</span> <span class='ocrx_word' id='word_1_95' title='bbox 221 2651 385 2722; x_wconf 84' lang='lat' dir='ltr'><em>commodo</em></span> <span class='ocrx_word' id='word_1_96' title='bbox 409 2655 448 2725; x_wconf 88' lang='lat' dir='ltr'><em>ab</em></span> <span class='ocrx_word' id='word_1_97' title='bbox 475 2653 744 2726; x_wconf 86' lang='lat' dir='ltr'><em>Antecessoribus</em></span> <span class='ocrx_word' id='word_1_98' title='bbox 769 2661 858 2741; x_wconf 70' lang='lat' dir='ltr'><em>mus,</em></span> <span class='ocrx_word' id='word_1_99' title='bbox 880 2669 921 2731; x_wconf 80' lang='lat' dir='ltr'><em>ut</em></span> <span class='ocrx_word' id='word_1_100' title='bbox 943 2657 990 2731; x_wconf 83' lang='lat' dir='ltr'><em>od</em></span> <span class='ocrx_word' id='word_1_101' title='bbox 1015 2656 1156 2729; x_wconf 84' lang='lat' dir='ltr'><em>Suetium</em></span> <span class='ocrx_word' id='word_1_102' title='bbox 1172 2659 1380 2748; x_wconf 81' lang='lat' dir='ltr'><em>pertinentes,</em></span> <span class='ocrx_word' id='word_1_103' title='bbox 1423 2664 1504 2726; x_wconf 85' lang='lat' dir='ltr'><em>sene</em></span> <span class='ocrx_word' id='word_1_104' title='bbox 1538 2667 1782 2726; x_wconf 73' lang='lat' dir='ltr'><em>mememorato</em></span> <span class='ocrx_word' id='word_1_105' title='bbox 1811 2651 1868 2750; x_wconf 68' lang='lat'><em>⁶).</em></span> <span class='ocrx_word' id='word_1_106' title='bbox 1919 2655 1991 2724; x_wconf 88' lang='lat' dir='ltr'><em>Imo</em></span> <span class='ocrx_word' id='word_1_107' title='bbox 2015 2654 2092 2745; x_wconf 83' lang='lat' dir='ltr'><em>ipsu</em></span> 
     </span>
     <span class='ocr_line' id='line_1_11' title="bbox 221 2747 2091 2853; baseline 0.001 -33"><span class='ocrx_word' id='word_1_108' title='bbox 221 2747 284 2822; x_wconf 85' lang='lat' dir='ltr'><em>bac</em></span> <span class='ocrx_word' id='word_1_109' title='bbox 302 2751 458 2836; x_wconf 64' lang='lat' dir='ltr'><em>somnio</em></span> <span class='ocrx_word' id='word_1_110' title='bbox 477 2779 578 2853; x_wconf 80' lang='lat' dir='ltr'><em>usque</em></span> <span class='ocrx_word' id='word_1_111' title='bbox 601 2759 648 2828; x_wconf 86' lang='lat' dir='ltr'><em>cd</em></span> <span class='ocrx_word' id='word_1_112' title='bbox 671 2781 772 2832; x_wconf 88' lang='lat' dir='ltr'><em>annos</em></span> <span class='ocrx_word' id='word_1_113' title='bbox 797 2759 1028 2830; x_wconf 86' lang='lat' dir='ltr'><em>recentissimos</em></span> <span class='ocrx_word' id='word_1_114' title='bbox 1052 2756 1143 2849; x_wconf 85' lang='lat' dir='ltr'><em>apud</em></span> <span class='ocrx_word' id='word_1_115' title='bbox 1171 2779 1229 2831; x_wconf 87' lang='lat' dir='ltr'><em>nos</em></span> <span class='ocrx_word' id='word_1_116' title='bbox 1248 2759 1473 2848; x_wconf 56' lang='lat' dir='ltr'><em>maturuisse</em></span> <span class='ocrx_word' id='word_1_117' title='bbox 1493 2755 1645 2831; x_wconf 67' lang='lat' dir='ltr'><em>uidctrm</em></span> <span class='ocrx_word' id='word_1_118' title='bbox 1670 2755 1817 2846; x_wconf 80' lang='lat' dir='ltr'><em>deposita</em></span> <span class='ocrx_word' id='word_1_119' title='bbox 1854 2755 1888 2824; x_wconf 88' lang='lat' dir='ltr'><em>si</em></span> <span class='ocrx_word' id='word_1_120' title='bbox 1914 2755 2091 2846; x_wconf 79' lang='lat' dir='ltr'><em>sacspssts,</em></span> 
     </span>
     <span class='ocr_line' id='line_1_12' title="bbox 222 2843 2092 2958; baseline 0.002 -38"><span class='ocrx_word' id='word_1_121' title='bbox 222 2873 293 2946; x_wconf 83' lang='lat' dir='ltr'><em>qun</em></span> <span class='ocrx_word' id='word_1_122' title='bbox 310 2843 355 2924; x_wconf 87' lang='lat' dir='ltr'><em>ad</em></span> <span class='ocrx_word' id='word_1_123' title='bbox 378 2855 596 2958; x_wconf 87' lang='lat' dir='ltr'><em>Bolsbccg,</em></span> <span class='ocrx_word' id='word_1_124' title='bbox 618 2859 841 2957; x_wconf 83' lang='lat' dir='ltr'><em>Ignabecga</em></span> <span class='ocrx_word' id='word_1_125' title='bbox 866 2853 912 2930; x_wconf 75' lang='lat' dir='ltr'><em>ld</em></span> <span class='ocrx_word' id='word_1_126' title='bbox 935 2856 1144 2935; x_wconf 87' lang='lat' dir='ltr'><em>Limbamn</em></span> <span class='ocrx_word' id='word_1_127' title='bbox 1167 2859 1389 2936; x_wconf 74' lang='lat' dir='ltr'><em>inueniuntur,</em></span> <span class='ocrx_word' id='word_1_128' title='bbox 1414 2875 1549 2951; x_wconf 75' lang='lat' dir='ltr'><em>quoque</em></span> <span class='ocrx_word' id='word_1_129' title='bbox 1568 2853 1638 2944; x_wconf 76' lang='lat' dir='ltr'><em>jem</em></span> <span class='ocrx_word' id='word_1_130' title='bbox 1662 2856 1862 2949; x_wconf 81' lang='lat' dir='ltr'><em>mctiquiuses</em></span> <span class='ocrx_word' id='word_1_131' title='bbox 1885 2855 2092 2956; x_wconf 66' lang='lat' dir='ltr'><em>nuturoie-</em></span> 
     </span>
     <span class='ocr_line' id='line_1_13' title="bbox 114 2955 2091 3058; baseline 0.003 -38"><span class='ocrx_word' id='word_1_132' title='bbox 114 3015 119 3038; x_wconf 80' lang='grc'>,</span> <span class='ocrx_word' id='word_1_133' title='bbox 223 2955 430 3052; x_wconf 74' lang='lat' dir='ltr'><em>vestigatores</em></span> <span class='ocrx_word' id='word_1_134' title='bbox 451 2959 540 3029; x_wconf 87' lang='lat' dir='ltr'><em>Sueci</em></span> <span class='ocrx_word' id='word_1_135' title='bbox 565 2963 742 3031; x_wconf 90' lang='lat' dir='ltr'><em>attentione</em></span> <span class='ocrx_word' id='word_1_136' title='bbox 766 2965 864 3058; x_wconf 87' lang='lat' dir='ltr'><em>digna</em></span> <span class='ocrx_word' id='word_1_137' title='bbox 880 2957 1090 3057; x_wconf 85' lang='lat' dir='ltr'><em>judicarunt.</em></span> <span class='ocrx_word' id='word_1_138' title='bbox 1146 2959 1241 3030; x_wconf 88' lang='lat' dir='ltr'><em>Hunc</em></span> <span class='ocrx_word' id='word_1_139' title='bbox 1268 2970 1372 3030; x_wconf 85' lang='lat' dir='ltr'><em>tamen</em></span> <span class='ocrx_word' id='word_1_140' title='bbox 1395 2957 1628 3053; x_wconf 75' lang='lat' dir='ltr'><em>fumatbmm</em></span> <span class='ocrx_word' id='word_1_141' title='bbox 1648 2968 1713 3025; x_wconf 86' lang='lat' dir='ltr'><em>udrr</em></span> <span class='ocrx_word' id='word_1_142' title='bbox 1739 2957 1832 3026; x_wconf 91' lang='lat' dir='ltr'><em>modo</em></span> <span class='ocrx_word' id='word_1_143' title='bbox 1854 2979 2001 3054; x_wconf 87' lang='lat' dir='ltr'><em>magnam</em></span> <span class='ocrx_word' id='word_1_144' title='bbox 2016 2955 2091 3026; x_wconf 86' lang='lat' dir='ltr'><em>See-</em></span> 
     </span>
     <span class='ocr_line' id='line_1_14' title="bbox 222 3056 1975 3160; baseline 0.003 -38"><span class='ocrx_word' id='word_1_145' title='bbox 222 3056 283 3124; x_wconf 85' lang='lat' dir='ltr'><em>niu</em></span> <span class='ocrx_word' id='word_1_146' title='bbox 301 3070 433 3149; x_wconf 89' lang='lat' dir='ltr'><em>partem</em></span> <span class='ocrx_word' id='word_1_147' title='bbox 455 3083 623 3154; x_wconf 88' lang='lat' dir='ltr'><em>occupare,</em></span> <span class='ocrx_word' id='word_1_148' title='bbox 648 3065 707 3134; x_wconf 90' lang='lat' dir='ltr'><em>sed</em></span> <span class='ocrx_word' id='word_1_149' title='bbox 729 3066 823 3158; x_wconf 80' lang='lat' dir='ltr'><em>etiam</em></span> <span class='ocrx_word' id='word_1_150' title='bbox 848 3076 977 3154; x_wconf 82' lang='lat' dir='ltr'><em>purtem</em></span> <span class='ocrx_word' id='word_1_151' title='bbox 1000 3059 1175 3160; x_wconf 84' lang='lat' dir='ltr'><em>Bleiingioe</em></span> <span class='ocrx_word' id='word_1_152' title='bbox 1199 3062 1373 3154; x_wconf 85' lang='lat' dir='ltr'><em>continere,</em></span> <span class='ocrx_word' id='word_1_153' title='bbox 1389 3059 1481 3154; x_wconf 88' lang='lat' dir='ltr'><em>infru</em></span> <span class='ocrx_word' id='word_1_154' title='bbox 1502 3058 1618 3151; x_wconf 90' lang='lat' dir='ltr'><em>paucis</em></span> <span class='ocrx_word' id='word_1_155' title='bbox 1638 3059 1803 3133; x_wconf 82' lang='lat' dir='ltr'><em>ostendere</em></span> <span class='ocrx_word' id='word_1_156' title='bbox 1830 3061 1975 3128; x_wconf 87' lang='lat' dir='ltr'><em>conabar.</em></span> 
     </span>
    </p>
   </div>
   <div class='ocr_carea' id='block_1_3' title="bbox 246 3199 2094 3327">
    <p class='ocr_par' dir='ltr' id='par_1_4' title="bbox 246 3199 2094 3327">
     <span class='ocr_line' id='line_1_15' title="bbox 246 3199 2094 3327; baseline 0.001 -31"><span class='ocrx_word' id='word_1_157' title='bbox 246 3235 249 3268; x_wconf 69' lang='lat' dir='ltr'><em>l</em></span> <span class='ocrx_word' id='word_1_158' title='bbox 357 3199 533 3310; x_wconf 83' lang='lat' dir='ltr'><em>Proterea,</em></span> <span class='ocrx_word' id='word_1_159' title='bbox 561 3253 631 3298; x_wconf 91' lang='lat' dir='ltr'><em>cum</em></span> <span class='ocrx_word' id='word_1_160' title='bbox 656 3253 804 3327; x_wconf 89' lang='lat' dir='ltr'><em>magnum</em></span> <span class='ocrx_word' id='word_1_161' title='bbox 826 3231 911 3300; x_wconf 90' lang='lat' dir='ltr'><em>iilud</em></span> <span class='ocrx_word' id='word_1_162' title='bbox 924 3231 1138 3325; x_wconf 88' lang='lat' dir='ltr'><em>formationis</em></span> <span class='ocrx_word' id='word_1_163' title='bbox 1160 3241 1305 3300; x_wconf 83' lang='lat' dir='ltr'><em>cretascu</em></span> <span class='ocrx_word' id='word_1_164' title='bbox 1330 3227 1500 3320; x_wconf 76' lang='lat' dir='ltr'><em>Europaeo</em></span> <span class='ocrx_word' id='word_1_165' title='bbox 1526 3226 1681 3320; x_wconf 81' lang='lat' dir='ltr'><em>spatium,</em></span> <span class='ocrx_word' id='word_1_166' title='bbox 1700 3225 1789 3320; x_wconf 85' lang='lat' dir='ltr'><em>quod</em></span> <span class='ocrx_word' id='word_1_167' title='bbox 1812 3223 1938 3307; x_wconf 84' lang='lat' dir='ltr'><em>Gallio,</em></span> <span class='ocrx_word' id='word_1_168' title='bbox 1957 3224 2094 3298; x_wconf 88' lang='lat' dir='ltr'><em>Germe·</em></span> 
     </span>
    </p>
   </div>
   <div class='ocr_carea' id='block_1_4' title="bbox 99 3322 2094 3436">
    <p class='ocr_par' dir='ltr' id='par_1_5' title="bbox 99 3322 2094 3436">
     <span class='ocr_line' id='line_1_16' title="bbox 99 3322 2094 3436; baseline 0.003 -46"><span class='ocrx_word' id='word_1_169' title='bbox 99 3411 107 3436; x_wconf 86' lang='lat'><strong>.</strong></span> <span class='ocrx_word' id='word_1_170' title='bbox 223 3324 298 3399; x_wconf 84' lang='lat' dir='ltr'><em>niu,</em></span> <span class='ocrx_word' id='word_1_171' title='bbox 324 3325 519 3404; x_wconf 73' lang='lat' dir='ltr'><em>Britannia,</em></span> <span class='ocrx_word' id='word_1_172' title='bbox 543 3329 659 3400; x_wconf 85' lang='lat' dir='ltr'><em>Daniu</em></span> <span class='ocrx_word' id='word_1_173' title='bbox 682 3325 747 3400; x_wconf 72' lang='lat' dir='ltr'><em>&amp;a</em></span> <span class='ocrx_word' id='word_1_174' title='bbox 769 3323 897 3424; x_wconf 72' lang='lat' dir='ltr'><em>purtem</em></span> <span class='ocrx_word' id='word_1_175' title='bbox 926 3343 1031 3413; x_wconf 83' lang='lat' dir='ltr'><em>senec,</em></span> <span class='ocrx_word' id='word_1_176' title='bbox 1067 3354 1179 3427; x_wconf 76' lang='lat' dir='ltr'><em>omsus</em></span> <span class='ocrx_word' id='word_1_177' title='bbox 1214 3331 1467 3422; x_wconf 66' lang='lat' dir='ltr'><em>Septentrionem</em></span> <span class='ocrx_word' id='word_1_178' title='bbox 1499 3329 1534 3396; x_wconf 90' lang='lat' dir='ltr'><em>in</em></span> <span class='ocrx_word' id='word_1_179' title='bbox 1563 3327 1671 3394; x_wconf 89' lang='lat' dir='ltr'><em>Suesia</em></span> <span class='ocrx_word' id='word_1_180' title='bbox 1696 3327 1906 3404; x_wconf 77' lang='lat' dir='ltr'><em>terminetur,</em></span> <span class='ocrx_word' id='word_1_181' title='bbox 1927 3322 1984 3399; x_wconf 69' lang='lat'><em>¹&amp;</em></span> <span class='ocrx_word' id='word_1_182' title='bbox 2004 3329 2094 3399; x_wconf 84' lang='lat' dir='ltr'><em>inter</em></span> 
     </span>
    </p>
   </div>
   <div class='ocr_carea' id='block_1_5' title="bbox 224 3426 2117 3732">
    <p class='ocr_par' dir='ltr' id='par_1_6' title="bbox 224 3426 2117 3732">
     <span class='ocr_line' id='line_1_17' title="bbox 224 3426 2117 3527; baseline 0.003 -35"><span class='ocrx_word' id='word_1_183' title='bbox 224 3438 495 3496; x_wconf 33' lang='lat' dir='ltr'><em>montesencstros</em></span> <span class='ocrx_word' id='word_1_184' title='bbox 509 3427 724 3522; x_wconf 78' lang='lat' dir='ltr'><em>formationis</em></span> <span class='ocrx_word' id='word_1_185' title='bbox 744 3435 975 3527; x_wconf 86' lang='lat' dir='ltr'><em>antiquissimu·</em></span> <span class='ocrx_word' id='word_1_186' title='bbox 1000 3433 1140 3522; x_wconf 84' lang='lat' dir='ltr'><em>sparsim</em></span> <span class='ocrx_word' id='word_1_187' title='bbox 1170 3432 1319 3506; x_wconf 90' lang='lat' dir='ltr'><em>desinat‚·</em></span> <span class='ocrx_word' id='word_1_188' title='bbox 1352 3429 1495 3522; x_wconf 62' lang='lat' dir='ltr'><em>equidem</em></span> <span class='ocrx_word' id='word_1_189' title='bbox 1527 3426 1719 3497; x_wconf 80' lang='lat' dir='ltr'><em>crediderim</em></span> <span class='ocrx_word' id='word_1_190' title='bbox 1751 3432 2011 3526; x_wconf 83' lang='lat' dir='ltr'><em>comparationem</em></span> <span class='ocrx_word' id='word_1_191' title='bbox 2041 3449 2117 3498; x_wconf 85' lang='lat' dir='ltr'><em>re·-</em></span> 
     </span>
     <span class='ocr_line' id='line_1_18' title="bbox 224 3528 2096 3630; baseline 0.009 -38"><span class='ocrx_word' id='word_1_192' title='bbox 224 3545 299 3594; x_wconf 87' lang='lat' dir='ltr'><em>rum</em></span> <span class='ocrx_word' id='word_1_193' title='bbox 326 3531 568 3624; x_wconf 86' lang='lat' dir='ltr'><em>organicorum,</em></span> <span class='ocrx_word' id='word_1_194' title='bbox 593 3555 673 3628; x_wconf 84' lang='lat' dir='ltr'><em>quas</em></span> <span class='ocrx_word' id='word_1_195' title='bbox 695 3531 760 3602; x_wconf 86' lang='lat' dir='ltr'><em>bric</em></span> <span class='ocrx_word' id='word_1_196' title='bbox 784 3537 926 3603; x_wconf 88' lang='lat' dir='ltr'><em>cocctinet</em></span> <span class='ocrx_word' id='word_1_197' title='bbox 953 3535 1145 3626; x_wconf 84' lang='lat' dir='ltr'><em>depositum,</em></span> <span class='ocrx_word' id='word_1_198' title='bbox 1182 3531 1339 3613; x_wconf 82' lang='lat' dir='ltr'><em>cumillis</em></span> <span class='ocrx_word' id='word_1_199' title='bbox 1363 3552 1445 3630; x_wconf 84' lang='lat' dir='ltr'><em>quas</em></span> <span class='ocrx_word' id='word_1_200' title='bbox 1476 3531 1511 3599; x_wconf 86' lang='lat' dir='ltr'><em>in</em></span> <span class='ocrx_word' id='word_1_201' title='bbox 1534 3528 1645 3624; x_wconf 81' lang='lat' dir='ltr'><em>plagis</em></span> <span class='ocrx_word' id='word_1_202' title='bbox 1671 3530 1935 3603; x_wconf 74' lang='lat' dir='ltr'><em>uaticinantibus·</em></span> <span class='ocrx_word' id='word_1_203' title='bbox 1946 3563 1951 3570; x_wconf 93' lang='lat'>·</span> <span class='ocrx_word' id='word_1_204' title='bbox 1953 3529 2096 3626; x_wconf 70' lang='lat' dir='ltr'><em>probet,</em></span> 
     </span>
     <span class='ocr_line' id='line_1_19' title="bbox 226 3625 1015 3732; baseline 0.016 -38"><span class='ocrx_word' id='word_1_205' title='bbox 226 3625 382 3724; x_wconf 82' lang='lat' dir='ltr'><em>Geclogiu</em></span> <span class='ocrx_word' id='word_1_206' title='bbox 411 3631 568 3702; x_wconf 87' lang='lat' dir='ltr'><em>studiosis</em></span> <span class='ocrx_word' id='word_1_207' title='bbox 588 3631 676 3704; x_wconf 82' lang='lat' dir='ltr'><em>band</em></span> <span class='ocrx_word' id='word_1_208' title='bbox 692 3633 772 3728; x_wconf 86' lang='lat' dir='ltr'><em>sure</em></span> <span class='ocrx_word' id='word_1_209' title='bbox 795 3636 965 3732; x_wconf 85' lang='lat' dir='ltr'><em>ingratam.</em></span> <span class='ocrx_word' id='word_1_210' title='bbox 1011 3725 1015 3732; x_wconf 21' lang='grc' dir='ltr'>Ι</span> 
     </span>
    </p>
   </div>
   <div class='ocr_carea' id='block_1_6' title="bbox 144 3799 2152 4002">
    <p class='ocr_par' dir='ltr' id='par_1_7' title="bbox 130 3799 2152 4006">
     <span class='ocr_line' id='line_1_20' title="bbox 144 3799 2152 3905; baseline 0.002 -33"><span class='ocrx_word' id='word_1_211' title='bbox 144 3859 150 3872; x_wconf 93' lang='grc'><strong>.</strong></span> <span class='ocrx_word' id='word_1_212' title='bbox 358 3799 418 3868; x_wconf 87' lang='lat' dir='ltr'><em>Me</em></span> <span class='ocrx_word' id='word_1_213' title='bbox 441 3823 547 3872; x_wconf 78' lang='lat' dir='ltr'><em>menes</em></span> <span class='ocrx_word' id='word_1_214' title='bbox 573 3805 646 3874; x_wconf 89' lang='lat' dir='ltr'><em>illas</em></span> <span class='ocrx_word' id='word_1_215' title='bbox 668 3805 787 3896; x_wconf 87' lang='lat' dir='ltr'><em>species</em></span> <span class='ocrx_word' id='word_1_216' title='bbox 812 3825 893 3901; x_wconf 85' lang='lat' dir='ltr'><em>ques</em></span> <span class='ocrx_word' id='word_1_217' title='bbox 917 3805 1001 3875; x_wconf 89' lang='lat' dir='ltr'><em>sctis</em></span> <span class='ocrx_word' id='word_1_218' title='bbox 1022 3807 1165 3902; x_wconf 83' lang='lat' dir='ltr'><em>insignes</em></span> <span class='ocrx_word' id='word_1_219' title='bbox 1188 3827 1224 3875; x_wconf 89' lang='lat' dir='ltr'><em>ac</em></span> <span class='ocrx_word' id='word_1_220' title='bbox 1243 3804 1414 3898; x_wconf 87' lang='lat' dir='ltr'><em>perspicue</em></span> <span class='ocrx_word' id='word_1_221' title='bbox 1437 3799 1592 3896; x_wconf 70' lang='lat' dir='ltr'><em>dfinitcs</em></span> <span class='ocrx_word' id='word_1_222' title='bbox 1616 3800 1893 3905; x_wconf 75' lang='lat' dir='ltr'><em>duxerim‚,quin</em></span> <span class='ocrx_word' id='word_1_223' title='bbox 1916 3806 2012 3878; x_wconf 90' lang='lat' dir='ltr'><em>etiam</em></span> <span class='ocrx_word' id='word_1_224' title='bbox 2037 3821 2099 3882; x_wconf 57' lang='lat' dir='ltr'><em>cni</em></span> <span class='ocrx_word' id='word_1_225' title='bbox 2150 3827 2152 3838; x_wconf 69' lang='lat'>¹</span> 
     </span>
     <span class='ocr_line' id='line_1_21' title="bbox 228 3897 2101 4002; baseline 0.006 -37.403"><span class='ocrx_word' id='word_1_226' title='bbox 228 3911 279 3966; x_wconf 90' lang='lat' dir='ltr'><em>tea</em></span> <span class='ocrx_word' id='word_1_227' title='bbox 296 3897 480 3978; x_wconf 79' lang='lat' dir='ltr'><em>delineatur,</em></span> <span class='ocrx_word' id='word_1_228' title='bbox 498 3923 570 3972; x_wconf 83' lang='lat' dir='ltr'><em>non</em></span> <span class='ocrx_word' id='word_1_229' title='bbox 594 3903 697 3972; x_wconf 87' lang='lat' dir='ltr'><em>solum</em></span> <span class='ocrx_word' id='word_1_230' title='bbox 726 3906 932 3996; x_wconf 86' lang='lat' dir='ltr'><em>descripsisse</em></span> <span class='ocrx_word' id='word_1_231' title='bbox 952 3909 1013 3979; x_wconf 75' lang='lat' dir='ltr'><em>,sed</em></span> <span class='ocrx_word' id='word_1_232' title='bbox 1036 3909 1130 3976; x_wconf 84' lang='lat' dir='ltr'><em>etiem</em></span> <span class='ocrx_word' id='word_1_233' title='bbox 1156 3905 1360 3976; x_wconf 87' lang='lat' dir='ltr'><em>delineandns</em></span> <span class='ocrx_word' id='word_1_234' title='bbox 1376 3907 1557 3982; x_wconf 69' lang='lat' dir='ltr'><em>&#39;curavisse</em></span> <span class='ocrx_word' id='word_1_235' title='bbox 1590 3897 1874 4002; x_wconf 63' lang='lat' dir='ltr'><em>asiluqatbeseam</em></span> <span class='ocrx_word' id='word_1_236' title='bbox 1888 3911 1992 3979; x_wconf 89' lang='lat' dir='ltr'><em>doctis</em></span> <span class='ocrx_word' id='word_1_237' title='bbox 2006 3898 2101 4002; x_wconf 88' lang='lat' dir='ltr'><em>apud</em></span> 
     </span>
    </p>
   </div>
   <div class='ocr_carea' id='block_1_7' title="bbox 228 4004 2230 4100">
    <p class='ocr_par' dir='ltr' id='par_1_8' title="bbox 228 4004 2230 4100">
     <span class='ocr_line' id='line_1_22' title="bbox 228 4004 2230 4100; baseline 0.005 -35"><span class='ocrx_word' id='word_1_238' title='bbox 228 4012 355 4068; x_wconf 80' lang='lat' dir='ltr'><em>exteros</em></span> <span class='ocrx_word' id='word_1_239' title='bbox 384 4023 649 4092; x_wconf 87' lang='lat' dir='ltr'><em>superuacaneum</em></span> <span class='ocrx_word' id='word_1_240' title='bbox 676 4004 800 4096; x_wconf 88' lang='lat' dir='ltr'><em>forsan</em></span> <span class='ocrx_word' id='word_1_241' title='bbox 832 4007 1004 4075; x_wconf 88' lang='lat' dir='ltr'><em>uidebitur.</em></span> <span class='ocrx_word' id='word_1_242' title='bbox 1066 4004 1170 4094; x_wconf 75' lang='lat' dir='ltr'><em>Quam</em></span> <span class='ocrx_word' id='word_1_243' title='bbox 1197 4029 1271 4074; x_wconf 86' lang='lat' dir='ltr'><em>uero</em></span> <span class='ocrx_word' id='word_1_244' title='bbox 1298 4017 1338 4074; x_wconf 90' lang='lat' dir='ltr'><em>ut</em></span> <span class='ocrx_word' id='word_1_245' title='bbox 1363 4007 1554 4096; x_wconf 81' lang='lat' dir='ltr'><em>prooemium</em></span> <span class='ocrx_word' id='word_1_246' title='bbox 1588 4007 1834 4100; x_wconf 87' lang='lat' dir='ltr'><em>objectationem,</em></span> <span class='ocrx_word' id='word_1_247' title='bbox 1865 4010 2100 4082; x_wconf 81' lang='lat' dir='ltr'><em>observandum</em></span> <span class='ocrx_word' id='word_1_248' title='bbox 2225 4066 2230 4076; x_wconf 93' lang='lat'>.</span> 
     </span>
    </p>
   </div>
   <div class='ocr_carea' id='block_1_8' title="bbox 226 4099 2213 4812">
    <p class='ocr_par' dir='ltr' id='par_1_9' title="bbox 226 4099 2213 4812">
     <span class='ocr_line' id='line_1_23' title="bbox 228 4099 2100 4206; baseline 0.006 -39"><span class='ocrx_word' id='word_1_249' title='bbox 228 4103 447 4170; x_wconf 88' lang='lat' dir='ltr'><em>tantummodo</em></span> <span class='ocrx_word' id='word_1_250' title='bbox 471 4107 574 4186; x_wconf 88' lang='lat' dir='ltr'><em>uelim,</em></span> <span class='ocrx_word' id='word_1_251' title='bbox 598 4128 645 4175; x_wconf 91' lang='lat' dir='ltr'><em>me</em></span> <span class='ocrx_word' id='word_1_252' title='bbox 669 4104 755 4174; x_wconf 85' lang='lat' dir='ltr'><em>bucce</em></span> <span class='ocrx_word' id='word_1_253' title='bbox 780 4107 932 4197; x_wconf 86' lang='lat' dir='ltr'><em>opusculo</em></span> <span class='ocrx_word' id='word_1_254' title='bbox 961 4101 1164 4196; x_wconf 80' lang='lat' dir='ltr'><em>conjitiendo,</em></span> <span class='ocrx_word' id='word_1_255' title='bbox 1198 4105 1321 4198; x_wconf 83' lang='lat' dir='ltr'><em>duplici</em></span> <span class='ocrx_word' id='word_1_256' title='bbox 1353 4106 1482 4174; x_wconf 89' lang='lat' dir='ltr'><em>consilio</em></span> <span class='ocrx_word' id='word_1_257' title='bbox 1517 4103 1694 4177; x_wconf 84' lang='lat' dir='ltr'><em>studuisse.</em></span> <span class='ocrx_word' id='word_1_258' title='bbox 1746 4109 1895 4181; x_wconf 89' lang='lat' dir='ltr'><em>Primum</em></span> <span class='ocrx_word' id='word_1_259' title='bbox 1928 4099 2100 4206; x_wconf 53' lang='lat' dir='ltr'><em>tironibussg</em></span> 
     </span>
     <span class='ocr_line' id='line_1_24' title="bbox 229 4201 2213 4302; baseline 0.006 -36"><span class='ocrx_word' id='word_1_260' title='bbox 229 4203 286 4292; x_wconf 82' lang='lat' dir='ltr'><em>qai</em></span> <span class='ocrx_word' id='word_1_261' title='bbox 309 4203 344 4267; x_wconf 90' lang='lat' dir='ltr'><em>in</em></span> <span class='ocrx_word' id='word_1_262' title='bbox 368 4201 477 4274; x_wconf 87' lang='lat' dir='ltr'><em>Suesia</em></span> <span class='ocrx_word' id='word_1_263' title='bbox 499 4207 533 4272; x_wconf 91' lang='lat' dir='ltr'><em>in</em></span> <span class='ocrx_word' id='word_1_264' title='bbox 553 4208 700 4275; x_wconf 85' lang='lat' dir='ltr'><em>studium</em></span> <span class='ocrx_word' id='word_1_265' title='bbox 715 4203 974 4302; x_wconf 63' lang='lat' dir='ltr'><em>*petrificatorum</em></span> <span class='ocrx_word' id='word_1_266' title='bbox 1001 4210 1183 4274; x_wconf 86' lang='lat' dir='ltr'><em>incumbunt</em></span> <span class='ocrx_word' id='word_1_267' title='bbox 1199 4203 1422 4282; x_wconf 68' lang='lat' dir='ltr'><em>,Encbisidiori</em></span> <span class='ocrx_word' id='word_1_268' title='bbox 1446 4203 1608 4298; x_wconf 80' lang='lat' dir='ltr'><em>quoddam</em></span> <span class='ocrx_word' id='word_1_269' title='bbox 1643 4207 1722 4276; x_wconf 91' lang='lat' dir='ltr'><em>dare</em></span> <span class='ocrx_word' id='word_1_270' title='bbox 1754 4211 1850 4278; x_wconf 90' lang='lat' dir='ltr'><em>uolui.</em></span> <span class='ocrx_word' id='word_1_271' title='bbox 1903 4210 1973 4278; x_wconf 89' lang='lat' dir='ltr'><em>Hoc</em></span> <span class='ocrx_word' id='word_1_272' title='bbox 1996 4210 2102 4302; x_wconf 61' lang='lat' dir='ltr'><em>respi‘i</em></span> <span class='ocrx_word' id='word_1_273' title='bbox 2208 4209 2213 4222; x_wconf 83' lang='grc'>’</span> 
     </span>
     <span class='ocr_line' id='line_1_25' title="bbox 226 4293 2105 4402; baseline 0.006 -34"><span class='ocrx_word' id='word_1_274' title='bbox 226 4301 310 4368; x_wconf 84' lang='lat' dir='ltr'><em>eines</em></span> <span class='ocrx_word' id='word_1_275' title='bbox 325 4306 545 4372; x_wconf 75' lang='lat' dir='ltr'><em>‘necessarium</em></span> <span class='ocrx_word' id='word_1_276' title='bbox 573 4305 655 4374; x_wconf 85' lang='lat' dir='ltr'><em>duxi</em></span> <span class='ocrx_word' id='word_1_277' title='bbox 688 4310 791 4376; x_wconf 77' lang='lat' dir='ltr'><em>onnia</em></span> <span class='ocrx_word' id='word_1_278' title='bbox 811 4309 885 4400; x_wconf 86' lang='lat' dir='ltr'><em>jans</em></span> <span class='ocrx_word' id='word_1_279' title='bbox 924 4309 1052 4374; x_wconf 86' lang='lat' dir='ltr'><em>inuenta</em></span> <span class='ocrx_word' id='word_1_280' title='bbox 1079 4325 1276 4396; x_wconf 87' lang='lat' dir='ltr'><em>proponere,</em></span> <span class='ocrx_word' id='word_1_281' title='bbox 1313 4327 1376 4398; x_wconf 84' lang='lat' dir='ltr'><em>quo</em></span> <span class='ocrx_word' id='word_1_282' title='bbox 1395 4305 1552 4396; x_wconf 77' lang='lat' dir='ltr'><em>facilius,</em></span> <span class='ocrx_word' id='word_1_283' title='bbox 1590 4325 1659 4398; x_wconf 85' lang='lat' dir='ltr'><em>quse</em></span> <span class='ocrx_word' id='word_1_284' title='bbox 1690 4329 1771 4377; x_wconf 88' lang='lat' dir='ltr'><em>noua</em></span> <span class='ocrx_word' id='word_1_285' title='bbox 1807 4293 2105 4402; x_wconf 50' lang='lat' dir='ltr'><em>deprehenderint?</em></span> 
     </span>
     <span class='ocr_line' id='line_1_26' title="bbox 229 4401 2100 4504; baseline 0.006 -36"><span class='ocrx_word' id='word_1_286' title='bbox 229 4401 413 4471; x_wconf 90' lang='lat' dir='ltr'><em>discernant</em></span> <span class='ocrx_word' id='word_1_287' title='bbox 440 4416 537 4498; x_wconf 82' lang='lat' dir='ltr'><em>atque</em></span> <span class='ocrx_word' id='word_1_288' title='bbox 563 4403 726 4496; x_wconf 87' lang='lat' dir='ltr'><em>definiant.</em></span> <span class='ocrx_word' id='word_1_289' title='bbox 777 4404 875 4498; x_wconf 77' lang='lat' dir='ltr'><em>Quod</em></span> <span class='ocrx_word' id='word_1_290' title='bbox 898 4428 971 4476; x_wconf 88' lang='lat' dir='ltr'><em>vcro</em></span> <span class='ocrx_word' id='word_1_291' title='bbox 995 4406 1162 4490; x_wconf 80' lang='lat' dir='ltr'><em>concilium</em></span> <span class='ocrx_word' id='word_1_292' title='bbox 1191 4405 1260 4473; x_wconf 78' lang='lat' dir='ltr'><em>iine</em></span> <span class='ocrx_word' id='word_1_293' title='bbox 1289 4405 1429 4476; x_wconf 87' lang='lat' dir='ltr'><em>iconibus</em></span> <span class='ocrx_word' id='word_1_294' title='bbox 1460 4408 1609 4499; x_wconf 85' lang='lat' dir='ltr'><em>consequi</em></span> <span class='ocrx_word' id='word_1_295' title='bbox 1638 4409 1695 4478; x_wconf 84' lang='lat' dir='ltr'><em>oisc</em></span> <span class='ocrx_word' id='word_1_296' title='bbox 1721 4413 1916 4501; x_wconf 84' lang='lat' dir='ltr'><em>potuissem,</em></span> <span class='ocrx_word' id='word_1_297' title='bbox 1954 4433 2100 4504; x_wconf 60' lang='lat' dir='ltr'><em>pruses*-</em></span> 
     </span>
     <span class='ocr_line' id='line_1_27' title="bbox 230 4502 2102 4600; baseline 0.009 -33"><span class='ocrx_word' id='word_1_298' title='bbox 230 4503 289 4568; x_wconf 88' lang='lat' dir='ltr'><em>tim</em></span> <span class='ocrx_word' id='word_1_299' title='bbox 312 4523 381 4570; x_wconf 88' lang='lat' dir='ltr'><em>cunc</em></span> <span class='ocrx_word' id='word_1_300' title='bbox 406 4506 495 4575; x_wconf 86' lang='lat' dir='ltr'><em>noda</em></span> <span class='ocrx_word' id='word_1_301' title='bbox 521 4509 694 4598; x_wconf 82' lang='lat' dir='ltr'><em>descriptio</em></span> <span class='ocrx_word' id='word_1_302' title='bbox 718 4509 762 4576; x_wconf 87' lang='lat' dir='ltr'><em>ad</em></span> <span class='ocrx_word' id='word_1_303' title='bbox 785 4505 966 4600; x_wconf 72' lang='lat' dir='ltr'><em>petrficatc</em></span> <span class='ocrx_word' id='word_1_304' title='bbox 989 4509 1053 4575; x_wconf 89' lang='lat' dir='ltr'><em>rite</em></span> <span class='ocrx_word' id='word_1_305' title='bbox 1075 4503 1316 4580; x_wconf 86' lang='lat' dir='ltr'><em>determinando</em></span> <span class='ocrx_word' id='word_1_306' title='bbox 1342 4527 1420 4576; x_wconf 85' lang='lat' dir='ltr'><em>suro</em></span> <span class='ocrx_word' id='word_1_307' title='bbox 1439 4502 1608 4600; x_wconf 64' lang='lat' dir='ltr'><em>,sufficiun</em></span> <span class='ocrx_word' id='word_1_308' title='bbox 1631 4507 1744 4580; x_wconf 88' lang='lat' dir='ltr'><em>Icones</em></span> <span class='ocrx_word' id='word_1_309' title='bbox 1764 4512 1894 4584; x_wconf 81' lang='lat' dir='ltr'><em>veroin</em></span> <span class='ocrx_word' id='word_1_310' title='bbox 1909 4513 2032 4585; x_wconf 75' lang='lat' dir='ltr'><em>esteris</em></span> <span class='ocrx_word' id='word_1_311' title='bbox 2047 4519 2102 4582; x_wconf 81' lang='lat' dir='ltr'><em>so&#39;·</em></span> 
     </span>
     <span class='ocr_line' id='line_1_28' title="bbox 228 4595 2108 4708; baseline 0.008 -36"><span class='ocrx_word' id='word_1_312' title='bbox 228 4595 387 4672; x_wconf 82' lang='lat' dir='ltr'><em>iummodc</em></span> <span class='ocrx_word' id='word_1_313' title='bbox 411 4595 578 4696; x_wconf 68' lang='lat' dir='ltr'><em>&#39;Operibus</em></span> <span class='ocrx_word' id='word_1_314' title='bbox 603 4603 727 4683; x_wconf 87' lang='lat' dir='ltr'><em>obuias,</em></span> <span class='ocrx_word' id='word_1_315' title='bbox 744 4609 886 4700; x_wconf 86' lang='lat' dir='ltr'><em>frustra</em></span> <span class='ocrx_word' id='word_1_316' title='bbox 914 4609 1078 4684; x_wconf 86' lang='lat' dir='ltr'><em>citassem‚·</em></span> <span class='ocrx_word' id='word_1_317' title='bbox 1120 4605 1284 4702; x_wconf 86' lang='lat' dir='ltr'><em>plerisque</em></span> <span class='ocrx_word' id='word_1_318' title='bbox 1325 4607 1408 4674; x_wconf 92' lang='lat' dir='ltr'><em>enim</em></span> <span class='ocrx_word' id='word_1_319' title='bbox 1443 4608 1603 4677; x_wconf 89' lang='lat' dir='ltr'><em>tironibus</em></span> <span class='ocrx_word' id='word_1_320' title='bbox 1624 4608 1670 4680; x_wconf 87' lang='lat' dir='ltr'><em>ad</em></span> <span class='ocrx_word' id='word_1_321' title='bbox 1690 4606 1759 4685; x_wconf 77' lang='lat' dir='ltr'><em>&#39;buc</em></span> <span class='ocrx_word' id='word_1_322' title='bbox 1779 4633 1875 4708; x_wconf 87' lang='lat' dir='ltr'><em>opera</em></span> <span class='ocrx_word' id='word_1_323' title='bbox 1896 4614 2024 4688; x_wconf 84' lang='lat' dir='ltr'><em>aditus·</em></span> <span class='ocrx_word' id='word_1_324' title='bbox 2037 4615 2108 4706; x_wconf 59' lang='lat' dir='ltr'><em>aaut</em></span> 
     </span>
     <span class='ocr_line' id='line_1_29' title="bbox 226 4703 1655 4812; baseline 0.006 -43"><span class='ocrx_word' id='word_1_325' title='bbox 226 4711 327 4793; x_wconf 84' lang='lat' dir='ltr'><em>pacet.</em></span> <span class='ocrx_word' id='word_1_326' title='bbox 382 4703 511 4778; x_wconf 87' lang='lat' dir='ltr'><em>Harum</em></span> <span class='ocrx_word' id='word_1_327' title='bbox 536 4707 640 4804; x_wconf 83' lang='lat' dir='ltr'><em>igitur</em></span> <span class='ocrx_word' id='word_1_328' title='bbox 663 4708 771 4776; x_wconf 90' lang='lat' dir='ltr'><em>saltim</em></span> <span class='ocrx_word' id='word_1_329' title='bbox 795 4707 1081 4804; x_wconf 52' lang='lat' dir='ltr'><em>magnisinterfuit</em></span> <span class='ocrx_word' id='word_1_330' title='bbox 1109 4707 1209 4776; x_wconf 89' lang='lat' dir='ltr'><em>icones</em></span> <span class='ocrx_word' id='word_1_331' title='bbox 1234 4728 1298 4776; x_wconf 90' lang='lat' dir='ltr'><em>uno</em></span> <span class='ocrx_word' id='word_1_332' title='bbox 1321 4705 1386 4775; x_wconf 89' lang='lat' dir='ltr'><em>loco</em></span> <span class='ocrx_word' id='word_1_333' title='bbox 1409 4727 1476 4776; x_wconf 87' lang='lat' dir='ltr'><em>csse</em></span> <span class='ocrx_word' id='word_1_334' title='bbox 1503 4705 1655 4812; x_wconf 82' lang='lat' dir='ltr'><em>collectas.</em></span> 
     </span>
    </p>
   </div>
   <div class='ocr_carea' id='block_1_9' title="bbox 220 4868 2229 5482">
    <p class='ocr_par' dir='ltr' id='par_1_10' title="bbox 220 4868 2229 5482">
     <span class='ocr_line' id='line_1_30' title="bbox 326 4868 2103 4981; baseline 0.009 -40"><span class='ocrx_word' id='word_1_335' title='bbox 326 4916 334 4932; x_wconf 83' lang='lat'><strong>·</strong></span> <span class='ocrx_word' id='word_1_336' title='bbox 361 4872 493 4964; x_wconf 76' lang='lat' dir='ltr'><em>Deinde</em></span> <span class='ocrx_word' id='word_1_337' title='bbox 520 4875 557 4943; x_wconf 85' lang='lat' dir='ltr'><em>id</em></span> <span class='ocrx_word' id='word_1_338' title='bbox 576 4877 717 4966; x_wconf 86' lang='lat' dir='ltr'><em>spectaui</em></span> <span class='ocrx_word' id='word_1_339' title='bbox 743 4887 800 4958; x_wconf 89' lang='lat' dir='ltr'><em>nt,</em></span> <span class='ocrx_word' id='word_1_340' title='bbox 833 4868 887 4942; x_wconf 87' lang='lat' dir='ltr'><em>bac</em></span> <span class='ocrx_word' id='word_1_341' title='bbox 910 4875 1077 4966; x_wconf 87' lang='lat' dir='ltr'><em>specimine</em></span> <span class='ocrx_word' id='word_1_342' title='bbox 1103 4873 1242 4953; x_wconf 89' lang='lat' dir='ltr'><em>edendo,</em></span> <span class='ocrx_word' id='word_1_343' title='bbox 1269 4873 1428 4972; x_wconf 82' lang='lat' dir='ltr'><em>Geologio</em></span> <span class='ocrx_word' id='word_1_344' title='bbox 1451 4875 1609 4958; x_wconf 80' lang='lat' dir='ltr'><em>studiosis</em></span> <span class='ocrx_word' id='word_1_345' title='bbox 1638 4875 1836 4951; x_wconf 88' lang='lat' dir='ltr'><em>ostenderem</em></span> <span class='ocrx_word' id='word_1_346' title='bbox 1860 4908 2004 4981; x_wconf 79' lang='lat' dir='ltr'><em>quonum</em></span> <span class='ocrx_word' id='word_1_347' title='bbox 2031 4903 2103 4966; x_wconf 85' lang='lat' dir='ltr'><em>cor-¹</em></span> 
     </span>
     <span class='ocr_line' id='line_1_31' title="bbox 220 4974 2103 5073; baseline 0.01 -31"><span class='ocrx_word' id='word_1_348' title='bbox 220 4995 306 5066; x_wconf 89' lang='lat' dir='ltr'><em>pora</em></span> <span class='ocrx_word' id='word_1_349' title='bbox 327 4975 536 5073; x_wconf 77' lang='lat' dir='ltr'><em>orgpnicain</em></span> <span class='ocrx_word' id='word_1_350' title='bbox 554 4974 612 5045; x_wconf 86' lang='lat' dir='ltr'><em>-lris</em></span> <span class='ocrx_word' id='word_1_351' title='bbox 637 4977 822 5073; x_wconf 80' lang='lat' dir='ltr'><em>regionibus</em></span> <span class='ocrx_word' id='word_1_352' title='bbox 855 4975 1168 5066; x_wconf 80' lang='lat' dir='ltr'><em>septentrionalibus</em></span> <span class='ocrx_word' id='word_1_353' title='bbox 1199 4979 1358 5046; x_wconf 88' lang='lat' dir='ltr'><em>contineat</em></span> <span class='ocrx_word' id='word_1_354' title='bbox 1386 4975 1551 5070; x_wconf 87' lang='lat' dir='ltr'><em>formatio</em></span> <span class='ocrx_word' id='word_1_355' title='bbox 1584 4989 1733 5044; x_wconf 87' lang='lat' dir='ltr'><em>cretaeea.</em></span> <span class='ocrx_word' id='word_1_356' title='bbox 1783 4980 1840 5056; x_wconf 81' lang='lat' dir='ltr'><em>As</em></span> <span class='ocrx_word' id='word_1_357' title='bbox 1874 5009 1968 5068; x_wconf 87' lang='lat' dir='ltr'><em>uero,</em></span> <span class='ocrx_word' id='word_1_358' title='bbox 1992 4992 2024 5060; x_wconf 85' lang='lat' dir='ltr'><em>si</em></span> <span class='ocrx_word' id='word_1_359' title='bbox 2048 5013 2103 5068; x_wconf 85' lang='lat' dir='ltr'><em>su-</em></span> 
     </span>
     <span class='ocr_line' id='line_1_32' title="bbox 226 5074 2111 5170; baseline 0.007 -26"><span class='ocrx_word' id='word_1_360' title='bbox 226 5076 396 5157; x_wconf 69' lang='lat' dir='ltr'><em>mereata</em></span> <span class='ocrx_word' id='word_1_361' title='bbox 410 5078 512 5145; x_wconf 88' lang='lat' dir='ltr'><em>icones</em></span> <span class='ocrx_word' id='word_1_362' title='bbox 536 5080 576 5145; x_wconf 90' lang='lat' dir='ltr'><em>ab</em></span> <span class='ocrx_word' id='word_1_363' title='bbox 600 5078 676 5146; x_wconf 90' lang='lat' dir='ltr'><em>aliis</em></span> <span class='ocrx_word' id='word_1_364' title='bbox 700 5077 795 5146; x_wconf 87' lang='lat' dir='ltr'><em>datus</em></span> <span class='ocrx_word' id='word_1_365' title='bbox 819 5079 996 5158; x_wconf 79' lang='lat' dir='ltr'><em>citusstlu,··</em></span> <span class='ocrx_word' id='word_1_366' title='bbox 1018 5075 1106 5145; x_wconf 84' lang='lat' dir='ltr'><em>baud</em></span> <span class='ocrx_word' id='word_1_367' title='bbox 1142 5099 1219 5145; x_wconf 87' lang='lat' dir='ltr'><em>rure</em></span> <span class='ocrx_word' id='word_1_368' title='bbox 1244 5079 1376 5146; x_wconf 86' lang='lat' dir='ltr'><em>dubium</em></span> <span class='ocrx_word' id='word_1_369' title='bbox 1397 5074 1530 5170; x_wconf 83' lang='lat' dir='ltr'><em>fuisset</em></span> <span class='ocrx_word' id='word_1_370' title='bbox 1560 5097 1606 5144; x_wconf 88' lang='lat' dir='ltr'><em>an</em></span> <span class='ocrx_word' id='word_1_371' title='bbox 1633 5077 1752 5168; x_wconf 87' lang='lat' dir='ltr'><em>species</em></span> <span class='ocrx_word' id='word_1_372' title='bbox 1777 5093 1917 5154; x_wconf 81' lang='lat' dir='ltr'><em>externo</em></span> <span class='ocrx_word' id='word_1_373' title='bbox 1951 5107 1992 5154; x_wconf 90' lang='lat' dir='ltr'><em>ex</em></span> <span class='ocrx_word' id='word_1_374' title='bbox 2017 5082 2111 5158; x_wconf 85' lang='lat' dir='ltr'><em>omni&#39;</em></span> 
     </span>
     <span class='ocr_line' id='line_1_33' title="bbox 223 5168 2110 5280; baseline 0.007 -36"><span class='ocrx_word' id='word_1_375' title='bbox 223 5193 322 5270; x_wconf 86' lang='lat' dir='ltr'><em>parte</em></span> <span class='ocrx_word' id='word_1_376' title='bbox 353 5168 479 5256; x_wconf 82' lang='lat' dir='ltr'><em>eddem,</em></span> <span class='ocrx_word' id='word_1_377' title='bbox 505 5190 601 5272; x_wconf 83' lang='lat' dir='ltr'><em>atque</em></span> <span class='ocrx_word' id='word_1_378' title='bbox 625 5203 644 5264; x_wconf 81' lang='lat' dir='ltr'><em>a</em></span> <span class='ocrx_word' id='word_1_379' title='bbox 668 5201 715 5249; x_wconf 89' lang='lat' dir='ltr'><em>me</em></span> <span class='ocrx_word' id='word_1_380' title='bbox 738 5178 859 5258; x_wconf 83' lang='lat' dir='ltr'><em>allato,</em></span> <span class='ocrx_word' id='word_1_381' title='bbox 884 5187 999 5246; x_wconf 88' lang='lat' dir='ltr'><em>essent.</em></span> <span class='ocrx_word' id='word_1_382' title='bbox 1037 5173 1123 5267; x_wconf 76' lang='lat' dir='ltr'><em>Jam</em></span> <span class='ocrx_word' id='word_1_383' title='bbox 1147 5191 1274 5254; x_wconf 86' lang='lat' dir='ltr'><em>aretem,</em></span> <span class='ocrx_word' id='word_1_384' title='bbox 1303 5199 1374 5248; x_wconf 80' lang='lat' dir='ltr'><em>ncnc</em></span> <span class='ocrx_word' id='word_1_385' title='bbox 1396 5169 1647 5272; x_wconf 72' lang='lat' dir='ltr'><em>iconiiqssoque</em></span> <span class='ocrx_word' id='word_1_386' title='bbox 1672 5177 1815 5254; x_wconf 86' lang='lat' dir='ltr'><em>dederim</em></span> <span class='ocrx_word' id='word_1_387' title='bbox 1839 5185 2044 5278; x_wconf 88' lang='lat' dir='ltr'><em>speciminuin</em></span> <span class='ocrx_word' id='word_1_388' title='bbox 2068 5169 2110 5280; x_wconf 62' lang='lat' dir='ltr'><em>in&#39;⁸</em></span> 
     </span>
     <span class='ocr_line' id='line_1_34' title="bbox 230 5271 2229 5385; baseline 0.007 -39"><span class='ocrx_word' id='word_1_389' title='bbox 230 5279 342 5348; x_wconf 86' lang='lat' dir='ltr'><em>Suesia</em></span> <span class='ocrx_word' id='word_1_390' title='bbox 370 5281 540 5354; x_wconf 84' lang='lat' dir='ltr'><em>lectorum,</em></span> <span class='ocrx_word' id='word_1_391' title='bbox 562 5284 680 5374; x_wconf 36' lang='lat' dir='ltr'><em>,suique</em></span> <span class='ocrx_word' id='word_1_392' title='bbox 702 5280 787 5348; x_wconf 88' lang='lat' dir='ltr'><em>artis</em></span> <span class='ocrx_word' id='word_1_393' title='bbox 807 5278 917 5369; x_wconf 88' lang='lat' dir='ltr'><em>perito</em></span> <span class='ocrx_word' id='word_1_394' title='bbox 928 5276 1088 5370; x_wconf 89' lang='lat' dir='ltr'><em>facilius,</em></span> <span class='ocrx_word' id='word_1_395' title='bbox 1114 5287 1154 5346; x_wconf 91' lang='lat' dir='ltr'><em>ut</em></span> <span class='ocrx_word' id='word_1_396' title='bbox 1181 5277 1294 5359; x_wconf 90' lang='lat' dir='ltr'><em>credo,</em></span> <span class='ocrx_word' id='word_1_397' title='bbox 1320 5277 1384 5346; x_wconf 88' lang='lat' dir='ltr'><em>erit</em></span> <span class='ocrx_word' id='word_1_398' title='bbox 1408 5271 1615 5372; x_wconf 80' lang='lat' dir='ltr'><em>dijudicate,</em></span> <span class='ocrx_word' id='word_1_399' title='bbox 1644 5301 1688 5348; x_wconf 86' lang='lat' dir='ltr'><em>un</em></span> <span class='ocrx_word' id='word_1_400' title='bbox 1714 5281 1881 5353; x_wconf 78' lang='lat' dir='ltr'><em>citationes</em></span> <span class='ocrx_word' id='word_1_401' title='bbox 1906 5308 1980 5356; x_wconf 84' lang='lat' dir='ltr'><em>meu</em></span> <span class='ocrx_word' id='word_1_402' title='bbox 1995 5287 2110 5385; x_wconf 85' lang='lat' dir='ltr'><em>jestoe&#39;</em></span> <span class='ocrx_word' id='word_1_403' title='bbox 2221 5314 2229 5333; x_wconf 65' lang='lat'>⁸</span> 
     </span>
     <span class='ocr_line' id='line_1_35' title="bbox 228 5376 2102 5482; baseline 0.003 -33"><span class='ocrx_word' id='word_1_404' title='bbox 228 5382 308 5460; x_wconf 86' lang='lat' dir='ltr'><em>sint,</em></span> <span class='ocrx_word' id='word_1_405' title='bbox 332 5403 386 5450; x_wconf 90' lang='lat' dir='ltr'><em>nec</em></span> <span class='ocrx_word' id='word_1_406' title='bbox 410 5401 458 5449; x_wconf 90' lang='lat' dir='ltr'><em>ne.</em></span> <span class='ocrx_word' id='word_1_407' title='bbox 510 5377 581 5448; x_wconf 90' lang='lat' dir='ltr'><em>Hoc</em></span> <span class='ocrx_word' id='word_1_408' title='bbox 603 5393 643 5450; x_wconf 93' lang='lat' dir='ltr'><em>ut</em></span> <span class='ocrx_word' id='word_1_409' title='bbox 660 5380 788 5451; x_wconf 40' lang='lat' dir='ltr'><em>xelarius</em></span> <span class='ocrx_word' id='word_1_410' title='bbox 812 5379 947 5458; x_wconf 89' lang='lat' dir='ltr'><em>eluceat,</em></span> <span class='ocrx_word' id='word_1_411' title='bbox 975 5399 1073 5448; x_wconf 84' lang='lat' dir='ltr'><em>uerum</em></span> <span class='ocrx_word' id='word_1_412' title='bbox 1101 5390 1228 5448; x_wconf 89' lang='lat' dir='ltr'><em>tantum</em></span> <span class='ocrx_word' id='word_1_413' title='bbox 1251 5377 1385 5458; x_wconf 71' lang='lat' dir='ltr'><em>adferre</em></span> <span class='ocrx_word' id='word_1_414' title='bbox 1409 5376 1484 5452; x_wconf 91' lang='lat' dir='ltr'><em>libet</em></span> <span class='ocrx_word' id='word_1_415' title='bbox 1510 5378 1714 5482; x_wconf 77' lang='lat' dir='ltr'><em>exemplum:</em></span> <span class='ocrx_word' id='word_1_416' title='bbox 1750 5380 1999 5472; x_wconf 79' lang='lat' dir='ltr'><em>Belemuitcs</em></span> <span class='ocrx_word' id='word_1_417' title='bbox 2028 5411 2102 5460; x_wconf 78' lang='lat' dir='ltr'><em>mu.</em></span> 
     </span>
    </p>
   </div>
   <div class='ocr_carea' id='block_1_10' title="bbox 97 5473 2135 5583">
    <p class='ocr_par' dir='ltr' id='par_1_11' title="bbox 97 5473 2135 5583">
     <span class='ocr_line' id='line_1_36' title="bbox 97 5473 2135 5583; baseline -0.008 -32"><span class='ocrx_word' id='word_1_418' title='bbox 97 5483 102 5498; x_wconf 77' lang='lat'><strong><em>‘</em></strong></span> <span class='ocrx_word' id='word_1_419' title='bbox 233 5491 424 5574; x_wconf 81' lang='lat' dir='ltr'><em>cronatres</em></span> <span class='ocrx_word' id='word_1_420' title='bbox 448 5503 467 5549; x_wconf 97' lang='lat' dir='ltr'><em>a</em></span> <span class='ocrx_word' id='word_1_421' title='bbox 489 5480 653 5572; x_wconf 85' lang='lat' dir='ltr'><em>piuribo&#39;s,</em></span> <span class='ocrx_word' id='word_1_422' title='bbox 678 5473 724 5548; x_wconf 72' lang='lat' dir='ltr'><em>id</em></span> <span class='ocrx_word' id='word_1_423' title='bbox 744 5479 911 5546; x_wconf 77' lang='lat' dir='ltr'><em>eovbstme</em></span> <span class='ocrx_word' id='word_1_424' title='bbox 933 5477 972 5543; x_wconf 88' lang='lat' dir='ltr'><em>ab</em></span> <span class='ocrx_word' id='word_1_425' title='bbox 999 5479 1123 5548; x_wconf 86' lang='lat' dir='ltr'><em>illustr.</em></span> <span class='ocrx_word' id='word_1_426' title='bbox 1150 5475 1261 5550; x_wconf 71' lang='lat' dir='ltr'><em>Anax.</em></span> <span class='ocrx_word' id='word_1_427' title='bbox 1286 5475 1534 5552; x_wconf 75' lang='lat' dir='ltr'><em>Boouoeeuuo,</em></span> <span class='ocrx_word' id='word_1_428' title='bbox 1560 5481 1596 5542; x_wconf 81' lang='lat' dir='ltr'><em>in</em></span> <span class='ocrx_word' id='word_1_429' title='bbox 1622 5477 1732 5566; x_wconf 69' lang='lat' dir='ltr'><em>Opere</em></span> <span class='ocrx_word' id='word_1_430' title='bbox 1756 5489 1881 5583; x_wconf 62' lang='lat'><em>2372350</em></span> <span class='ocrx_word' id='word_1_431' title='bbox 1889 5511 1902 5558; x_wconf 61' lang='grc' dir='ltr'><em>,ι</em></span> <span class='ocrx_word' id='word_1_432' title='bbox 1925 5487 1997 5576; x_wconf 58' lang='lat'><em>⁸123</em></span> <span class='ocrx_word' id='word_1_433' title='bbox 2005 5493 2135 5576; x_wconf 45' lang='lat' dir='ltr'><em>mh.</em></span> 
     </span>
    </p>
   </div>
   <div class='ocr_carea' id='block_1_11' title="bbox 225 5567 2109 5678">
    <p class='ocr_par' dir='ltr' id='par_1_12' title="bbox 225 5567 2109 5678">
     <span class='ocr_line' id='line_1_37' title="bbox 225 5567 2109 5678; baseline -0.003 -28"><span class='ocrx_word' id='word_1_434' title='bbox 225 5585 345 5675; x_wconf 86' lang='lat' dir='ltr'><em>ption</em></span> <span class='ocrx_word' id='word_1_435' title='bbox 367 5567 468 5678; x_wconf 78' lang='lat' dir='ltr'><em>g&#39;dui.</em></span> <span class='ocrx_word' id='word_1_436' title='bbox 497 5581 566 5650; x_wconf 90' lang='lat' dir='ltr'><em>dec</em></span> <span class='ocrx_word' id='word_1_437' title='bbox 594 5583 777 5656; x_wconf 83' lang='lat' dir='ltr'><em>environs</em></span> <span class='ocrx_word' id='word_1_438' title='bbox 809 5578 854 5646; x_wconf 88' lang='lat' dir='ltr'><em>dc</em></span> <span class='ocrx_word' id='word_1_439' title='bbox 882 5571 1022 5652; x_wconf 88' lang='lat' dir='ltr'><em>Paris,</em></span> <span class='ocrx_word' id='word_1_440' title='bbox 1043 5575 1122 5674; x_wconf 76' lang='lat' dir='ltr'><em>tab.</em></span> <span class='ocrx_word' id='word_1_441' title='bbox 1150 5571 1230 5664; x_wconf 87' lang='lat' dir='ltr'><em>III.</em></span> <span class='ocrx_word' id='word_1_442' title='bbox 1244 5569 1312 5671; x_wconf 85' lang='lat' dir='ltr'><em>fig.</em></span> <span class='ocrx_word' id='word_1_443' title='bbox 1344 5597 1375 5646; x_wconf 85' lang='lat'><em>1.</em></span> <span class='ocrx_word' id='word_1_444' title='bbox 1401 5573 1452 5644; x_wconf 88' lang='lat' dir='ltr'><em>A.</em></span> <span class='ocrx_word' id='word_1_445' title='bbox 1476 5567 1521 5646; x_wconf 82' lang='lat' dir='ltr'><em>B.</em></span> <span class='ocrx_word' id='word_1_446' title='bbox 1544 5573 1704 5668; x_wconf 71' lang='lat' dir='ltr'><em>masters</em></span> <span class='ocrx_word' id='word_1_447' title='bbox 1724 5569 1901 5672; x_wconf 63' lang='lat' dir='ltr'><em>figuratus</em></span> <span class='ocrx_word' id='word_1_448' title='bbox 1926 5599 1987 5656; x_wconf 75' lang='lat' dir='ltr'><em>esc.</em></span> <span class='ocrx_word' id='word_1_449' title='bbox 2041 5589 2109 5660; x_wconf 68' lang='lat' dir='ltr'><em>Su..</em></span> 
     </span>
    </p>
   </div>
   <div class='ocr_carea' id='block_1_12' title="bbox 112 5671 2112 5778">
    <p class='ocr_par' dir='ltr' id='par_1_13' title="bbox 112 5671 2112 5778">
     <span class='ocr_line' id='line_1_38' title="bbox 112 5671 2112 5778; baseline -0.005 -23"><span class='ocrx_word' id='word_1_450' title='bbox 112 5727 124 5746; x_wconf 71' lang='lat'>·</span> <span class='ocrx_word' id='word_1_451' title='bbox 227 5705 457 5774; x_wconf 82' lang='lat' dir='ltr'><em>pcruacancum</em></span> <span class='ocrx_word' id='word_1_452' title='bbox 484 5683 590 5778; x_wconf 87' lang='lat' dir='ltr'><em>igitur</em></span> <span class='ocrx_word' id='word_1_453' title='bbox 619 5680 797 5750; x_wconf 83' lang='lat' dir='ltr'><em>existimari</em></span> <span class='ocrx_word' id='word_1_454' title='bbox 822 5689 950 5772; x_wconf 84' lang='lat' dir='ltr'><em>posset,</em></span> <span class='ocrx_word' id='word_1_455' title='bbox 982 5698 1030 5745; x_wconf 91' lang='lat' dir='ltr'><em>me</em></span> <span class='ocrx_word' id='word_1_456' title='bbox 1060 5696 1184 5770; x_wconf 86' lang='lat' dir='ltr'><em>qnoque</em></span> <span class='ocrx_word' id='word_1_457' title='bbox 1207 5671 1295 5746; x_wconf 80' lang='lat' dir='ltr'><em>banc</em></span> <span class='ocrx_word' id='word_1_458' title='bbox 1323 5677 1426 5768; x_wconf 87' lang='lat' dir='ltr'><em>ipsum</em></span> <span class='ocrx_word' id='word_1_459' title='bbox 1458 5677 1590 5776; x_wconf 77' lang='lat' dir='ltr'><em>speciem</em></span> <span class='ocrx_word' id='word_1_460' title='bbox 1615 5673 1795 5770; x_wconf 82' lang='lat' dir='ltr'><em>efJinxisse.</em></span> <span class='ocrx_word' id='word_1_461' title='bbox 1831 5681 1902 5756; x_wconf 85' lang='lat' dir='ltr'><em>.Ac</em></span> <span class='ocrx_word' id='word_1_462' title='bbox 1923 5707 1998 5775; x_wconf 71' lang='lat' dir='ltr'><em>nero</em></span> <span class='ocrx_word' id='word_1_463' title='bbox 2021 5687 2112 5772; x_wconf 53' lang='lat' dir='ltr'><em>Be„</em></span> 
     </span>
    </p>
   </div>
   <div class='ocr_carea' id='block_1_13' title="bbox 171 5773 2187 6900">
    <p class='ocr_par' dir='ltr' id='par_1_14' title="bbox 171 5773 2187 6294">
     <span class='ocr_line' id='line_1_39' title="bbox 236 5773 2116 5882; baseline 0.004 -31"><span class='ocrx_word' id='word_1_464' title='bbox 236 5783 415 5855; x_wconf 88' lang='lat' dir='ltr'><em>iemuitcs</em></span> <span class='ocrx_word' id='word_1_465' title='bbox 442 5793 713 5863; x_wconf 78' lang='lat' dir='ltr'><em>matronatus,</em></span> <span class='ocrx_word' id='word_1_466' title='bbox 742 5803 834 5876; x_wconf 87' lang='lat' dir='ltr'><em>quem</em></span> <span class='ocrx_word' id='word_1_467' title='bbox 860 5777 951 5848; x_wconf 88' lang='lat' dir='ltr'><em>babet</em></span> <span class='ocrx_word' id='word_1_468' title='bbox 973 5773 1210 5858; x_wconf 74' lang='lat' dir='ltr'><em>Beoeomeaa,</em></span> <span class='ocrx_word' id='word_1_469' title='bbox 1235 5779 1406 5852; x_wconf 87' lang='lat' dir='ltr'><em>increta</em></span> <span class='ocrx_word' id='word_1_470' title='bbox 1431 5779 1651 5882; x_wconf 79' lang='lat' dir='ltr'><em>tantummodo</em></span> <span class='ocrx_word' id='word_1_471' title='bbox 1678 5781 1776 5854; x_wconf 86' lang='lat' dir='ltr'><em>atta</em></span> <span class='ocrx_word' id='word_1_472' title='bbox 1800 5781 1914 5859; x_wconf 83' lang='lat' dir='ltr'><em>Gallice</em></span> <span class='ocrx_word' id='word_1_473' title='bbox 1926 5781 1994 5858; x_wconf 69' lang='lat' dir='ltr'><em>&amp;a</em></span> <span class='ocrx_word' id='word_1_474' title='bbox 2019 5791 2116 5876; x_wconf 50' lang='lat' dir='ltr'><em>inus-5</em></span> 
     </span>
     <span class='ocr_line' id='line_1_40' title="bbox 234 5875 2110 5984; baseline 0.001 -30"><span class='ocrx_word' id='word_1_475' title='bbox 234 5887 347 5966; x_wconf 89' lang='lat' dir='ltr'><em>nitur;</em></span> <span class='ocrx_word' id='word_1_476' title='bbox 372 5908 460 5956; x_wconf 88' lang='lat' dir='ltr'><em>meus</em></span> <span class='ocrx_word' id='word_1_477' title='bbox 486 5897 591 5955; x_wconf 89' lang='lat' dir='ltr'><em>eutem</em></span> <span class='ocrx_word' id='word_1_478' title='bbox 616 5885 650 5953; x_wconf 90' lang='lat' dir='ltr'><em>in</em></span> <span class='ocrx_word' id='word_1_479' title='bbox 674 5905 793 5952; x_wconf 90' lang='lat' dir='ltr'><em>arena</em></span> <span class='ocrx_word' id='word_1_480' title='bbox 816 5879 943 5950; x_wconf 91' lang='lat' dir='ltr'><em>uiridi</em></span> <span class='ocrx_word' id='word_1_481' title='bbox 977 5891 1073 5974; x_wconf 83' lang='lat' dir='ltr'><em>atque</em></span> <span class='ocrx_word' id='word_1_482' title='bbox 1108 5879 1142 5947; x_wconf 91' lang='lat' dir='ltr'><em>in</em></span> <span class='ocrx_word' id='word_1_483' title='bbox 1171 5875 1291 5950; x_wconf 78' lang='lat' dir='ltr'><em>&#39;stratis</em></span> <span class='ocrx_word' id='word_1_484' title='bbox 1323 5881 1351 5951; x_wconf 91' lang='lat' dir='ltr'><em>ei</em></span> <span class='ocrx_word' id='word_1_485' title='bbox 1379 5878 1542 5972; x_wconf 83' lang='lat' dir='ltr'><em>proxicms</em></span> <span class='ocrx_word' id='word_1_486' title='bbox 1568 5881 1730 5962; x_wconf 89' lang='lat' dir='ltr'><em>occurrit,</em></span> <span class='ocrx_word' id='word_1_487' title='bbox 1772 5906 1827 5954; x_wconf 88' lang='lat' dir='ltr'><em>nec</em></span> <span class='ocrx_word' id='word_1_488' title='bbox 1854 5909 1995 5980; x_wconf 87' lang='lat' dir='ltr'><em>unquam</em></span> <span class='ocrx_word' id='word_1_489' title='bbox 2018 5895 2110 5984; x_wconf 73' lang='lat' dir='ltr'><em>apud</em></span> 
     </span>
     <span class='ocr_line' id='line_1_41' title="bbox 236 5979 2187 6078; baseline 0.006 -24"><span class='ocrx_word' id='word_1_490' title='bbox 236 6009 294 6056; x_wconf 89' lang='lat' dir='ltr'><em>noc</em></span> <span class='ocrx_word' id='word_1_491' title='bbox 320 5989 353 6059; x_wconf 90' lang='lat' dir='ltr'><em>iu</em></span> <span class='ocrx_word' id='word_1_492' title='bbox 381 5999 490 6059; x_wconf 88' lang='lat' dir='ltr'><em>crete</em></span> <span class='ocrx_word' id='word_1_493' title='bbox 514 5989 603 6074; x_wconf 82' lang='lat' dir='ltr'><em>alba</em></span> <span class='ocrx_word' id='word_1_494' title='bbox 627 5989 776 6056; x_wconf 76' lang='lat' dir='ltr'><em>inventas</em></span> <span class='ocrx_word' id='word_1_495' title='bbox 799 5993 861 6052; x_wconf 86' lang='lat' dir='ltr'><em>esc.</em></span> <span class='ocrx_word' id='word_1_496' title='bbox 912 5979 994 6071; x_wconf 78' lang='lat' dir='ltr'><em>Quo</em></span> <span class='ocrx_word' id='word_1_497' title='bbox 1023 5981 1152 6075; x_wconf 85' lang='lat' dir='ltr'><em>quidem</em></span> <span class='ocrx_word' id='word_1_498' title='bbox 1182 5979 1368 6075; x_wconf 81' lang='lat' dir='ltr'><em>differentia</em></span> <span class='ocrx_word' id='word_1_499' title='bbox 1394 5982 1597 6078; x_wconf 83' lang='lat' dir='ltr'><em>geognustitu</em></span> <span class='ocrx_word' id='word_1_500' title='bbox 1631 5981 1864 6071; x_wconf 77' lang='lat' dir='ltr'><em>dubitationem</em></span> <span class='ocrx_word' id='word_1_501' title='bbox 1893 6003 1978 6059; x_wconf 85' lang='lat' dir='ltr'><em>ceste</em></span> <span class='ocrx_word' id='word_1_502' title='bbox 2002 5995 2110 6065; x_wconf 86' lang='lat' dir='ltr'><em>addu·</em></span> <span class='ocrx_word' id='word_1_503' title='bbox 2185 5994 2187 6015; x_wconf 92' lang='lat'>&#39;</span> 
     </span>
     <span class='ocr_line' id='line_1_42' title="bbox 234 6081 2118 6180; baseline 0 -24"><span class='ocrx_word' id='word_1_504' title='bbox 234 6101 321 6160; x_wconf 86' lang='lat' dir='ltr'><em>cerct</em></span> <span class='ocrx_word' id='word_1_505' title='bbox 343 6089 382 6162; x_wconf 85' lang='lat' dir='ltr'><em>de</em></span> <span class='ocrx_word' id='word_1_506' title='bbox 403 6091 572 6171; x_wconf 77' lang='lat' dir='ltr'><em>identitate</em></span> <span class='ocrx_word' id='word_1_507' title='bbox 594 6110 668 6163; x_wconf 83' lang='lat' dir='ltr'><em>mese</em></span> <span class='ocrx_word' id='word_1_508' title='bbox 692 6097 791 6180; x_wconf 82' lang='lat' dir='ltr'><em>atque</em></span> <span class='ocrx_word' id='word_1_509' title='bbox 813 6082 1100 6179; x_wconf 87' lang='lat' dir='ltr'><em>Brungniertiuno</em></span> <span class='ocrx_word' id='word_1_510' title='bbox 1124 6084 1247 6174; x_wconf 87' lang='lat' dir='ltr'><em>speciei.</em></span> <span class='ocrx_word' id='word_1_511' title='bbox 1304 6084 1442 6180; x_wconf 77' lang='lat' dir='ltr'><em>Figuris</em></span> <span class='ocrx_word' id='word_1_512' title='bbox 1472 6095 1577 6154; x_wconf 84' lang='lat' dir='ltr'><em>eutem</em></span> <span class='ocrx_word' id='word_1_513' title='bbox 1602 6081 1688 6152; x_wconf 85' lang='lat' dir='ltr'><em>iuter</em></span> <span class='ocrx_word' id='word_1_514' title='bbox 1708 6106 1743 6153; x_wconf 89' lang='lat' dir='ltr'><em>se</em></span> <span class='ocrx_word' id='word_1_515' title='bbox 1765 6091 1975 6180; x_wconf 83' lang='lat' dir='ltr'><em>comparatis,</em></span> <span class='ocrx_word' id='word_1_516' title='bbox 1997 6097 2118 6178; x_wconf 56' lang='lat' dir='ltr'><em>muts}</em></span> 
     </span>
     <span class='ocr_line' id='line_1_43' title="bbox 171 6180 2116 6294; baseline 0 -34"><span class='ocrx_word' id='word_1_517' title='bbox 171 6227 174 6234; x_wconf 45' lang='lat'><strong>⁴</strong></span> <span class='ocrx_word' id='word_1_518' title='bbox 236 6189 347 6264; x_wconf 73' lang='lat' dir='ltr'><em>medo,</em></span> <span class='ocrx_word' id='word_1_519' title='bbox 375 6191 503 6266; x_wconf 86' lang='lat' dir='ltr'><em>tollitur</em></span> <span class='ocrx_word' id='word_1_520' title='bbox 529 6190 697 6272; x_wconf 79' lang='lat' dir='ltr'><em>dubitatio.</em></span> <span class='ocrx_word' id='word_1_521' title='bbox 748 6183 843 6263; x_wconf 81' lang='lat' dir='ltr'><em>Aliis</em></span> <span class='ocrx_word' id='word_1_522' title='bbox 878 6187 975 6262; x_wconf 84' lang='lat' dir='ltr'><em>etiam</em></span> <span class='ocrx_word' id='word_1_523' title='bbox 1005 6184 1045 6253; x_wconf 89' lang='lat' dir='ltr'><em>dc</em></span> <span class='ocrx_word' id='word_1_524' title='bbox 1072 6187 1195 6256; x_wconf 88' lang='lat' dir='ltr'><em>cuuesis</em></span> <span class='ocrx_word' id='word_1_525' title='bbox 1222 6182 1305 6264; x_wconf 86' lang='lat' dir='ltr'><em>baut.</em></span> <span class='ocrx_word' id='word_1_526' title='bbox 1333 6185 1466 6278; x_wconf 83' lang='lat' dir='ltr'><em>speeiem</em></span> <span class='ocrx_word' id='word_1_527' title='bbox 1491 6185 1594 6256; x_wconf 80' lang='lat' dir='ltr'><em>derue</em></span> <span class='ocrx_word' id='word_1_528' title='bbox 1615 6180 1833 6280; x_wconf 78' lang='lat' dir='ltr'><em>figurandam</em></span> <span class='ocrx_word' id='word_1_529' title='bbox 1865 6191 1984 6260; x_wconf 74' lang='lat' dir='ltr'><em>curum.</em></span> <span class='ocrx_word' id='word_1_530' title='bbox 2042 6195 2116 6294; x_wconf 77' lang='lat' dir='ltr'><em>Ille</em></span> 
     </span>
    </p>

    <p class='ocr_par' dir='ltr' id='par_1_15' title="bbox 222 6281 2130 6796">
     <span class='ocr_line' id='line_1_44' title="bbox 222 6281 2118 6386; baseline 0.002 -28"><span class='ocrx_word' id='word_1_531' title='bbox 222 6291 435 6373; x_wconf 74' lang='lat' dir='ltr'><em>eniminum,</em></span> <span class='ocrx_word' id='word_1_532' title='bbox 463 6315 556 6384; x_wconf 81' lang='lat' dir='ltr'><em>quaen</em></span> <span class='ocrx_word' id='word_1_533' title='bbox 576 6295 623 6370; x_wconf 82' lang='lat' dir='ltr'><em>&#39;iu</em></span> <span class='ocrx_word' id='word_1_534' title='bbox 650 6291 729 6374; x_wconf 74' lang='lat' dir='ltr'><em>Tac,</em></span> <span class='ocrx_word' id='word_1_535' title='bbox 758 6287 815 6360; x_wconf 87' lang='grc' dir='ltr'><em>ΙΙ.</em></span> <span class='ocrx_word' id='word_1_536' title='bbox 829 6281 896 6382; x_wconf 78' lang='lat' dir='ltr'><em>fig.</em></span> <span class='ocrx_word' id='word_1_537' title='bbox 932 6309 960 6356; x_wconf 84' lang='grc' dir='ltr'><em>ι.</em></span> <span class='ocrx_word' id='word_1_538' title='bbox 987 6283 1037 6359; x_wconf 88' lang='lat' dir='ltr'><em>A.</em></span> <span class='ocrx_word' id='word_1_539' title='bbox 1071 6285 1170 6367; x_wconf 87' lang='lat' dir='ltr'><em>dedi,</em></span> <span class='ocrx_word' id='word_1_540' title='bbox 1195 6286 1403 6381; x_wconf 83' lang='lat' dir='ltr'><em>perfectioris</em></span> <span class='ocrx_word' id='word_1_541' title='bbox 1426 6297 1477 6358; x_wconf 89' lang='lat' dir='ltr'><em>est</em></span> <span class='ocrx_word' id='word_1_542' title='bbox 1502 6286 1705 6378; x_wconf 81' lang='lat' dir='ltr'><em>speciminis,</em></span> <span class='ocrx_word' id='word_1_543' title='bbox 1730 6311 1824 6381; x_wconf 84' lang='lat' dir='ltr'><em>quam</em></span> <span class='ocrx_word' id='word_1_544' title='bbox 1848 6289 1904 6359; x_wconf 85' lang='lat' dir='ltr'><em>ille</em></span> <span class='ocrx_word' id='word_1_545' title='bbox 1925 6313 1996 6386; x_wconf 79' lang='lat' dir='ltr'><em>quac</em></span> <span class='ocrx_word' id='word_1_546' title='bbox 2020 6308 2118 6368; x_wconf 62' lang='lat' dir='ltr'><em>erema</em></span> 
     </span>
     <span class='ocr_line' id='line_1_45' title="bbox 241 6385 2130 6488; baseline 0.004 -29"><span class='ocrx_word' id='word_1_547' title='bbox 241 6389 312 6474; x_wconf 81' lang='lat' dir='ltr'><em>bac,</em></span> <span class='ocrx_word' id='word_1_548' title='bbox 338 6401 495 6485; x_wconf 67' lang='lat' dir='ltr'><em>quntum</em></span> <span class='ocrx_word' id='word_1_549' title='bbox 519 6393 661 6488; x_wconf 74' lang='lat' dir='ltr'><em>equidm</em></span> <span class='ocrx_word' id='word_1_550' title='bbox 686 6394 769 6473; x_wconf 83' lang='lat' dir='ltr'><em>seio,</em></span> <span class='ocrx_word' id='word_1_551' title='bbox 798 6386 956 6461; x_wconf 86' lang='lat' dir='ltr'><em>delineata</em></span> <span class='ocrx_word' id='word_1_552' title='bbox 977 6388 1138 6482; x_wconf 83' lang='lat' dir='ltr'><em>fuerunt·</em></span> <span class='ocrx_word' id='word_1_553' title='bbox 1196 6385 1354 6464; x_wconf 86' lang='lat' dir='ltr'><em>Ostendit</em></span> <span class='ocrx_word' id='word_1_554' title='bbox 1385 6399 1554 6460; x_wconf 73' lang='lat' dir='ltr'><em>uetustum</em></span> <span class='ocrx_word' id='word_1_555' title='bbox 1586 6385 1673 6458; x_wconf 85' lang='lat' dir='ltr'><em>bucce</em></span> <span class='ocrx_word' id='word_1_556' title='bbox 1703 6389 1868 6486; x_wconf 83' lang='lat' dir='ltr'><em>integrum</em></span> <span class='ocrx_word' id='word_1_557' title='bbox 1900 6385 1947 6462; x_wconf 66' lang='lat' dir='ltr'><em>if</em></span> <span class='ocrx_word' id='word_1_558' title='bbox 1976 6395 2130 6476; x_wconf 79' lang='lat' dir='ltr'><em>illesum,</em></span> 
     </span>
     <span class='ocr_line' id='line_1_46' title="bbox 240 6477 2121 6592; baseline 0.004 -32"><span class='ocrx_word' id='word_1_559' title='bbox 240 6494 319 6578; x_wconf 76' lang='lat' dir='ltr'><em>buci,</em></span> <span class='ocrx_word' id='word_1_560' title='bbox 334 6495 377 6576; x_wconf 67' lang='lat' dir='ltr'><em>,in</em></span> <span class='ocrx_word' id='word_1_561' title='bbox 395 6492 542 6586; x_wconf 86' lang='lat' dir='ltr'><em>formum</em></span> <span class='ocrx_word' id='word_1_562' title='bbox 560 6499 638 6592; x_wconf 88' lang='lat' dir='ltr'><em>sere</em></span> <span class='ocrx_word' id='word_1_563' title='bbox 662 6497 765 6576; x_wconf 79' lang='lat' dir='ltr'><em>tubo,</em></span> <span class='ocrx_word' id='word_1_564' title='bbox 791 6511 857 6562; x_wconf 89' lang='lat' dir='ltr'><em>esse</em></span> <span class='ocrx_word' id='word_1_565' title='bbox 879 6491 1088 6582; x_wconf 77' lang='lat' dir='ltr'><em>ampliatumc</em></span> <span class='ocrx_word' id='word_1_566' title='bbox 1120 6493 1266 6586; x_wconf 74' lang='lat' dir='ltr'><em>qumvis</em></span> <span class='ocrx_word' id='word_1_567' title='bbox 1280 6477 1394 6585; x_wconf 81' lang='lat' dir='ltr'><em>fracti</em></span> <span class='ocrx_word' id='word_1_568' title='bbox 1412 6490 1604 6584; x_wconf 81' lang='lat' dir='ltr'><em>pierumque</em></span> <span class='ocrx_word' id='word_1_569' title='bbox 1626 6491 1696 6558; x_wconf 88' lang='lat' dir='ltr'><em>sint</em></span> <span class='ocrx_word' id='word_1_570' title='bbox 1722 6501 1832 6562; x_wconf 83' lang='lat' dir='ltr'><em>tenues</em></span> <span class='ocrx_word' id='word_1_571' title='bbox 1856 6491 1976 6583; x_wconf 65' lang='lat' dir='ltr'><em>neustrii</em></span> <span class='ocrx_word' id='word_1_572' title='bbox 1999 6487 2121 6591; x_wconf 56' lang='lat' dir='ltr'><em>periess.</em></span> 
     </span>
     <span class='ocr_line' id='line_1_47' title="bbox 242 6589 2120 6694; baseline -0.003 -31"><span class='ocrx_word' id='word_1_573' title='bbox 242 6609 302 6664; x_wconf 86' lang='lat' dir='ltr'><em>ces.</em></span> <span class='ocrx_word' id='word_1_574' title='bbox 353 6591 421 6662; x_wconf 89' lang='lat' dir='ltr'><em>Per</em></span> <span class='ocrx_word' id='word_1_575' title='bbox 447 6595 562 6672; x_wconf 91' lang='lat' dir='ltr'><em>icones,</em></span> <span class='ocrx_word' id='word_1_576' title='bbox 589 6621 670 6692; x_wconf 74' lang='lat' dir='ltr'><em>quas</em></span> <span class='ocrx_word' id='word_1_577' title='bbox 695 6595 771 6676; x_wconf 80' lang='lat' dir='ltr'><em>dedi</em></span> <span class='ocrx_word' id='word_1_578' title='bbox 797 6592 895 6665; x_wconf 83' lang='lat' dir='ltr'><em>eurio</em></span> <span class='ocrx_word' id='word_1_579' title='bbox 919 6593 1027 6670; x_wconf 82' lang='lat' dir='ltr'><em>utatis</em></span> <span class='ocrx_word' id='word_1_580' title='bbox 1050 6593 1411 6686; x_wconf 69' lang='lat' dir='ltr'><em>spnincinumeccasio</em></span> <span class='ocrx_word' id='word_1_581' title='bbox 1440 6589 1517 6664; x_wconf 82' lang='lat' dir='ltr'><em>mibi</em></span> <span class='ocrx_word' id='word_1_582' title='bbox 1541 6593 1638 6661; x_wconf 88' lang='lat' dir='ltr'><em>etiam</em></span> <span class='ocrx_word' id='word_1_583' title='bbox 1654 6589 1735 6684; x_wconf 86' lang='lat' dir='ltr'><em>fuit</em></span> <span class='ocrx_word' id='word_1_584' title='bbox 1758 6593 1925 6668; x_wconf 76' lang='lat' dir='ltr'><em>emendem</em></span> <span class='ocrx_word' id='word_1_585' title='bbox 1941 6593 2025 6669; x_wconf 87' lang='lat' dir='ltr'><em>bene</em></span> <span class='ocrx_word' id='word_1_586' title='bbox 2039 6613 2120 6694; x_wconf 62' lang='lat' dir='ltr'><em>spes</em></span> 
     </span>
     <span class='ocr_line' id='line_1_48' title="bbox 242 6689 2109 6796; baseline 0.008 -36"><span class='ocrx_word' id='word_1_587' title='bbox 242 6697 318 6765; x_wconf 83' lang='lat' dir='ltr'><em>ciem</em></span> <span class='ocrx_word' id='word_1_588' title='bbox 337 6715 403 6784; x_wconf 86' lang='lat' dir='ltr'><em>pre</em></span> <span class='ocrx_word' id='word_1_589' title='bbox 428 6695 516 6762; x_wconf 77' lang='lat' dir='ltr'><em>suta</em></span> <span class='ocrx_word' id='word_1_590' title='bbox 541 6709 634 6767; x_wconf 80' lang='lat' dir='ltr'><em>utute</em></span> <span class='ocrx_word' id='word_1_591' title='bbox 657 6695 744 6766; x_wconf 84' lang='lat' dir='ltr'><em>baud</em></span> <span class='ocrx_word' id='word_1_592' title='bbox 764 6716 885 6788; x_wconf 85' lang='lat' dir='ltr'><em>parum</em></span> <span class='ocrx_word' id='word_1_593' title='bbox 909 6695 1044 6762; x_wconf 88' lang='lat' dir='ltr'><em>uariare.</em></span> <span class='ocrx_word' id='word_1_594' title='bbox 1095 6689 1222 6788; x_wconf 80' lang='lat' dir='ltr'><em>Quibus</em></span> <span class='ocrx_word' id='word_1_595' title='bbox 1246 6695 1351 6788; x_wconf 88' lang='lat' dir='ltr'><em>igitur</em></span> <span class='ocrx_word' id='word_1_596' title='bbox 1375 6695 1514 6764; x_wconf 91' lang='lat' dir='ltr'><em>iconibus</em></span> <span class='ocrx_word' id='word_1_597' title='bbox 1537 6691 1833 6784; x_wconf 85' lang='lat' dir='ltr'><em>multiplicationem</em></span> <span class='ocrx_word' id='word_1_598' title='bbox 1856 6693 1959 6792; x_wconf 78' lang='lat' dir='ltr'><em>hujus</em></span> <span class='ocrx_word' id='word_1_599' title='bbox 1982 6705 2109 6796; x_wconf 84' lang='lat' dir='ltr'><em>speciei,</em></span> 
     </span>
    </p>

    <p class='ocr_par' dir='ltr' id='par_1_16' title="bbox 240 6778 2141 6900">
     <span class='ocr_line' id='line_1_49' title="bbox 240 6778 2031 6900; baseline 0.001 -34"><span class='ocrx_word' id='word_1_600' title='bbox 240 6778 374 6871; x_wconf 77' lang='lat' dir='ltr'><em>abillis</em></span> <span class='ocrx_word' id='word_1_601' title='bbox 388 6795 538 6890; x_wconf 76' lang='lat' dir='ltr'><em>forense</em></span> <span class='ocrx_word' id='word_1_602' title='bbox 553 6799 714 6888; x_wconf 85' lang='lat' dir='ltr'><em>impedivi,</em></span> <span class='ocrx_word' id='word_1_603' title='bbox 741 6799 857 6894; x_wconf 85' lang='lat' dir='ltr'><em>quibus</em></span> <span class='ocrx_word' id='word_1_604' title='bbox 883 6815 959 6873; x_wconf 85' lang='lat' dir='ltr'><em>non,</em></span> <span class='ocrx_word' id='word_1_605' title='bbox 989 6803 1030 6864; x_wconf 89' lang='lat' dir='ltr'><em>ut</em></span> <span class='ocrx_word' id='word_1_606' title='bbox 1053 6793 1147 6874; x_wconf 87' lang='lat' dir='ltr'><em>mibi,</em></span> <span class='ocrx_word' id='word_1_607' title='bbox 1174 6817 1319 6893; x_wconf 52' lang='lat' dir='ltr'><em>nemnem</em></span> <span class='ocrx_word' id='word_1_608' title='bbox 1346 6795 1425 6900; x_wconf 37' lang='lat' dir='ltr'><em>ejus·</em></span> <span class='ocrx_word' id='word_1_609' title='bbox 1442 6793 1562 6888; x_wconf 86' lang='lat' dir='ltr'><em>copiam</em></span> <span class='ocrx_word' id='word_1_610' title='bbox 1587 6792 1750 6887; x_wconf 87' lang='lat' dir='ltr'><em>conferre,</em></span> <span class='ocrx_word' id='word_1_611' title='bbox 1774 6797 1922 6898; x_wconf 85' lang='lat' dir='ltr'><em>contigit.</em></span> <span class='ocrx_word' id='word_1_612' title='bbox 1977 6813 1979 6821; x_wconf 78' lang='grc'>’</span> <span class='ocrx_word' id='word_1_613' title='bbox 2025 6861 2031 6874; x_wconf 84' lang='grc'>,</span> 
     </span>
    </p>
   </div>
   <div class='ocr_carea' id='block_1_14' title="bbox 271 7032 2119 7140">
    <p class='ocr_par' dir='ltr' id='par_1_17' title="bbox 271 7032 2119 7140">
     <span class='ocr_line' id='line_1_50' title="bbox 271 7032 2119 7140; baseline 0.003 -18"><span class='ocrx_word' id='word_1_614' title='bbox 271 7066 305 7132; x_wconf 75' lang='lat'><em>⁴)</em></span> <span class='ocrx_word' id='word_1_615' title='bbox 342 7065 478 7122; x_wconf 75' lang='lat' dir='ltr'><em>ttetstese.</em></span> <span class='ocrx_word' id='word_1_616' title='bbox 500 7059 585 7132; x_wconf 70' lang='lat' dir='ltr'><em>Peos.</em></span> <span class='ocrx_word' id='word_1_617' title='bbox 602 7057 799 7120; x_wconf 66' lang='lat' dir='ltr'><em>wasemes</em></span> <span class='ocrx_word' id='word_1_618' title='bbox 815 7057 853 7122; x_wconf 54' lang='grc' dir='ltr'><em>ιβ’</em></span> <span class='ocrx_word' id='word_1_619' title='bbox 867 7069 1020 7130; x_wconf 53' lang='lat' dir='ltr'><em>micheae</em></span> <span class='ocrx_word' id='word_1_620' title='bbox 1045 7069 1088 7122; x_wconf 84' lang='lat' dir='ltr'><em>tte</em></span> <span class='ocrx_word' id='word_1_621' title='bbox 1106 7068 1138 7124; x_wconf 66' lang='grc' dir='ltr'><strong><em>Β</em></strong></span> <span class='ocrx_word' id='word_1_622' title='bbox 1157 7049 1261 7136; x_wconf 63' lang='lat' dir='ltr'><em>optim</em></span> <span class='ocrx_word' id='word_1_623' title='bbox 1277 7067 1314 7124; x_wconf 69' lang='lat' dir='ltr'><em>&#39;be</em></span> <span class='ocrx_word' id='word_1_624' title='bbox 1330 7067 1504 7140; x_wconf 65' lang='lat' dir='ltr'><em>militetis</em></span> <span class='ocrx_word' id='word_1_625' title='bbox 1532 7065 1665 7124; x_wconf 56' lang='lat' dir='ltr'><em>Mennis</em></span> <span class='ocrx_word' id='word_1_626' title='bbox 1685 7053 1879 7138; x_wconf 73' lang='lat' dir='ltr'><em>se&#39;nner&#39;ienis</em></span> <span class='ocrx_word' id='word_1_627' title='bbox 1894 7032 2026 7128; x_wconf 66' lang='lat' dir='ltr'><em>ermiecae</em></span> <span class='ocrx_word' id='word_1_628' title='bbox 2043 7089 2088 7128; x_wconf 87' lang='lat' dir='ltr'><em>ser</em></span> <span class='ocrx_word' id='word_1_629' title='bbox 2104 7101 2119 7117; x_wconf 89' lang='lat'>-</span> 
     </span>
    </p>
   </div>
   <div class='ocr_carea' id='block_1_15' title="bbox 261 7135 2126 7270">
    <p class='ocr_par' dir='ltr' id='par_1_18' title="bbox 261 7135 2126 7270">
     <span class='ocr_line' id='line_1_51' title="bbox 261 7135 2126 7270; baseline 0.004 -76"><span class='ocrx_word' id='word_1_630' title='bbox 261 7197 271 7208; x_wconf 70' lang='grc'><strong>,</strong></span> <span class='ocrx_word' id='word_1_631' title='bbox 371 7135 441 7264; x_wconf 58' lang='lat' dir='ltr'><em>gsoip:</em></span> <span class='ocrx_word' id='word_1_632' title='bbox 464 7135 553 7270; x_wconf 47' lang='lat' dir='ltr'><em>rlicldp&#39;</em></span> <span class='ocrx_word' id='word_1_633' title='bbox 572 7136 828 7194; x_wconf 82' lang='lat' dir='ltr'><em>commentationem</em></span> <span class='ocrx_word' id='word_1_634' title='bbox 853 7139 886 7194; x_wconf 83' lang='lat' dir='ltr'><em>te</em></span> <span class='ocrx_word' id='word_1_635' title='bbox 913 7139 1187 7220; x_wconf 64' lang='lat' dir='ltr'><em>Pecclftceels</em></span> <span class='ocrx_word' id='word_1_636' title='bbox 1215 7141 1392 7199; x_wconf 76' lang='lat' dir='ltr'><em>culturis</em></span> <span class='ocrx_word' id='word_1_637' title='bbox 1412 7143 1606 7209; x_wconf 69' lang='lat' dir='ltr'><em>Sueten,</em></span> <span class='ocrx_word' id='word_1_638' title='bbox 1637 7141 1676 7198; x_wconf 81' lang='lat' dir='ltr'><em>ire</em></span> <span class='ocrx_word' id='word_1_639' title='bbox 1692 7135 1767 7202; x_wconf 79' lang='lat' dir='ltr'><em>Nau.</em></span> <span class='ocrx_word' id='word_1_640' title='bbox 1789 7143 1848 7200; x_wconf 58' lang='lat' dir='ltr'><em>R·</em></span> <span class='ocrx_word' id='word_1_641' title='bbox 1867 7140 1908 7198; x_wconf 78' lang='lat' dir='ltr'><em>ii.</em></span> <span class='ocrx_word' id='word_1_642' title='bbox 1931 7141 1998 7208; x_wconf 79' lang='lat' dir='ltr'><em>See.</em></span> <span class='ocrx_word' id='word_1_643' title='bbox 2080 7147 2083 7156; x_wconf 85' lang='lat'>&#39;</span> <span class='ocrx_word' id='word_1_644' title='bbox 2118 7171 2126 7202; x_wconf 74' lang='lat' dir='ltr'><em>c</em></span> 
     </span>
    </p>
   </div>
   <div class='ocr_carea' id='block_1_16' title="bbox 0 0 2749 8500">
    <p class='ocr_par' dir='ltr' id='par_1_19' title="bbox 0 0 2749 8500">
     <span class='ocr_line' id='line_1_52' title="bbox 0 0 2749 8500; baseline 0 0"><span class='ocrx_word' id='word_1_645' title='bbox 0 0 2749 8500; x_wconf 95' lang='lat' dir='ltr'><em> </em></span> 
     </span>
    </p>
   </div>
  </div>
 </body>
</html>
