5418 8510
1347 819 1723 908 *¹4*-

464 1049 467 1060 ’
585 1117 588 1127 ,
638 1061 766 1126 lamed
784 1063 893 1129 Gentis
916 1061 1072 1151 Neritia
1096 1053 1270 1119 Lemnon
1293 1051 1494 1138 pertinuisse.
1521 1049 1691 1112 'N'erita
1711 1071 1788 1116 vero
1810 1053 1857 1116 e'st
1880 1019 2223 1142 seeundumasyitema
2248 1060 2470 1145 Linneauum).

586 1235 596 1257 ι
638 1173 1005 1268 Figumigitu17AE7
1044 1191 1114 1260 que
1145 1169 1302 1234 ambitum
1338 1177 1425 1232 teate
1446 1167 1561 1232 subtus
1581 1169 1727 1252 inspecta
1747 1179 1924 1252 morutret,
1946 1191 2010 1238 non
2035 1173 2131 1258 plane
2164 1186 2282 1238 certam
2312 1191 2472 1262 apertura

639 1297 776 1362 sormam
798 1291 928 1384 prfflbssl·
994 1358 998 1367 .
1237 1363 1242 1372 .
1326 1354 1336 1371 .

723 1385 891 1510 Descript.
932 1378 1075 1504 ,Qdoad
1100 1407 1392 1511 magnitudinem
1422 1403 1461 1482 δι
1489 1405 1647 1480 sormam
1675 1406 1880 1508 generalem
1906 1410 2076 1486 Nasica
2107 1412 2345 1522 glauciuae
2378 1415 2479 1494 haud

603 1535 783 1628 absimilis
809 1562 884 1635 est;
912 1547 1143 1650 aliquantum
1169 1559 1296 1622 tamen
1323 1545 1438 1644 magis
1468 1542 1623 1642 oblonga
1649 1556 1703 1616 est
1729 1541 1770 1616 &
1794 1546 1933 1646 spiram
1960 1547 2078 1622 multo
2104 1517 2297 1660 minorem,
2321 1549 2481 1629 obtusia-

597 1711 687 1772 rem‚
714 1683 937 1762 anfractibus
965 1683 1073 1784 a&
1103 1683 1358 1783 compositam,
1390 1679 1615 1780 minimeque
1645 1692 1824 1754 exsertam
1870 1679 1991 1756 babet.
2045 1681 2089 1756 In
2119 1683 2342 1762 anfractibus
2370 1691 2481 1790 spirae

602 1821 723 1896 sulcus
747 1817 975 1895 latiusculus'
990 1821 1056 1896 sed
1082 1845 1215 1920 parum
1243 1815 1459 1918 profundus,
1491 1817 1728 1892 transversim
1743 1841 1903 1916 rugosus,
1925 1819 2090 1892 medium
2111 1833 2221 1894 tenet
2273 1825 2380 1898 Testa
2402 1853 2483 1926 spc-

590 1957 749 2032 ciminis
773 1953 948 2058 descripti
979 1947 1067 2030 satis
1097 1941 1221 2031 'massa
1247 1969 1301 2029 est
1328 1927 1369 2028 &⁴
1396 1963 1473 2024 tam
1503 1948 1596 2022 bene
1633 1963 1844 2026 conservata
1882 1928 1925 2026 ut
1957 1957 2108 2059 vestigia
2129 1981 2279 2058 quoque
2302 1958 2481 2034 colorise

602 2093 705 2166 fusco
733 2087 773 2163 δι
802 2088 929 2164 albida
954 2086 1132 2191 variegati
1160 2101 1380 2192 appareant,
1417 2087 1458 2161 id
1489 2085 1589 2187 quod
1625 2088 1735 2162 ctiam
1772 2091 1813 2162 in
1849 2089 2069 2190 quibusdam
2102 2091 2414 2169 Terebratulia
2441 2091 2481 2168 dt

599 2223 860 2300 Pectinibus
895 2225 992 2300 inira
1020 2227 1269 2316 memorandis
1298 2225 1582 2303 observavimus.

736 2363 862 2436 Locus:
965 2411 974 2434 .
1003 2361 1152 2436 Testem
1179 2363 1252 2462 ipsi
1276 2361 1450 2445 nondum.
1471 2361 1644 2461 legimus3
1685 2363 1870 2461 specimen
1906 2365 1948 2440 in
1978 2367 2101 2440 Museo
2130 2367 2350 2444 Academico
2377 2365 2478 2439 Lun-

593 2497 716 2584 ,densi,
745 2521 767 2570 a
794 2494 1044 2586 celeberrimo
1071 2495 1224 2574 Pmsess.
1249 2499 1291 2574 A.
1318 2499 1350 2572 J.
1373 2499 1506 2572 Raram
1532 2495 1741 2598 depositum
1766 2465 2035 2602 descripsimus.
2086 2503 2195 2580 Petra
2224 2517 2325 2606 testae
2352 2502 2474 2576 adbae-

479 2720 491 2736 .
598 2659 700 2719 rens,
739 2635 779 2707 in
807 2657 878 2732 qua
904 2630 1061 2706 aliorum
1093 2659 1234 2734 quoque
1261 2635 1546 2733 petrificatornm
1572 2629 1774 2732 fragmenta
1802 2633 2022 2720 obveniunt,
2055 2637 2219 2714 indicare
2257 2640 2403 2716 videtur
2433 2637 2477 2710 il·

596 2767 672 2840 lam
696 2765 743 2838 ad
771 2765 953 2836 Balsber
960 2791 993 2860 g,
1021 2763 1118 2835 unde
1143 2766 1269 2840 beatus
1295 2769 1368 2842 Vua
1398 2765 1614 2842 collectione
1639 2769 1929 2868 petrificaterum
1957 2773 2093 2872 insigni
2116 2773 2352 2851 Academiam
2379 2773 2480 2846 locu·

596 2901 768 3002 pletavit,
789 2895 1068 3002 luisse-lectam.
1105 2921 1111 2928 ·
1552 2907 1556 2943 ⁸
1657 2955 1661 2975 .
1834 2875 1839 2888 ¹

1346 3037 1408 3114 .11.
1460 3037 1718 3132 Divisio:

1180 3248 1184 3257 ι
1240 3170 1375 3237 Tarra
1415 3175 1529 3238 rarat
1572 3197 1830 3242 narrarunt.

735 3387 745 3436 ι
1258 3325 1362 3400 xiv.
1409 3326 1694 3420 PUELLA,
1741 3333 1821 3424 Lm,

595 3513 630 3526 .·
731 3461 839 3535 Testa
869 3459 1070 3544 univalvis,
1100 3458 1270 3560 clypeata
1304 3463 1363 3566 vel
1391 3459 1606 3552 subconica,
1635 3473 1733 3572 spiri
1764 3468 1957 3552 destituta,
1994 3463 2120 3539 subtus
2146 3467 2365 3568 simpliciter
2390 3489 2477 3540 oon

599 3623 705 3684 cava;
731 3599 834 3698 apice
860 3593 900 3668 δι
928 3596 1093 3696 margine
1120 3597 1280 3698 integris.

1187 3761 1479 3844 Patella
1555 3767 1809 3857 avalia,
1859 3795 1896 3844 n.

725 3899 768 3976 Ρ.
794 3908 1151 3984 testo'rrtuso-cooice,
1171 3901 1264 3987 leui,
1286 3909 1473 3994 busiwoli,
1489 3870 1613 3996 ‚uenio
1625 3904 1705 4002 fert
1729 3907 1873 3992 emirati,
1901 3905 2060 3982 sabeloto,
2086 3897 2131 3974 85
2149 3907 2340 3976 acuminato.
2362 3901 2476 4001 Long.

604 4066 658 4112 ιι.
687 4037 751 4112 lat.
778 4040 811 4112 8.
838 4035 901 4110 alt.
924 4035 949 4112 6
977 4061 1066 4110 mm.
1118 4031 1235 4138 (Tab.
1261 4043 1383 4114 nostra'
1407 4041 1475 4114 ΠΙ.
1504 4037 1563 4140 fig.
1591 4043 1628 4116 8.
1655 4038 1700 4112 A.
1723 4037 1790 4138 Β.)

597 4171 672 4237 ots.
715 4168 910 4232 Confer-atur
942 4190 1016 4232 cum
1050 4169 1231 4234 Patella
1262 4171 1354 4234 leri
1381 4172 1464 4232 Sow.
1496 4169 1574 4234 Min.
1598 4168 1716 4232 Couch.
1746 4169 1814 4230 tab.
1841 4171 1906 4252 ¹39·
1934 4167 1985 4248 lig.
2009 4171 2039 4231 3.
2062 4166 2091 4244 ᾧ
2116 4165 2169 4228 cui
2199 4164 2286 4228 baud
2314 4169 2478 4235 absimilis.
2551 4195 2555 4218 ·

638 4283 777 4346 Differre
797 4295 905 4344 tamen
926 4285 1056 4344 videtur
1077 4287 1145 4347 basi
1167 4289 1369 4368 aliquantum
1389 4287 1496 4362 magia
1510 4283 1648 4363 oblonga
1671 4279 1707 4345 dc
1729 4285 1825 4369 plane
1845 4279 1930 4345 ovali
1952 4291 2050 4367 atque
2069 4286 2187 4346 vertice
2209 4285 2309 4364 magia
2331 4285 2417 4349 elato
2442 4280 2479 4385 dc

527 4457 532 4466 .
641 4401 741 4485 magis
761 4395 909 4461 centrali.
941 4399 1030 4461 Fieri
1056 4409 1162 4462 tamm
1182 4405 1288 4484 potest
1316 4407 1355 4460 ut
1373 4398 1505 4460 eaodem
1527 4398 1662 4481 speciem
1684 4399 1868 4462 constituat.

673 4551 677 4564 ·
725 4512 894 4611 Descript.
947 4516 1055 4592 Testa
1080 4539 1212 4592 conum
1226 4511 1488 4592 dernissiorem
1517 4517 1672 4603 format,
1709 4507 1793 4591 basi
1815 4517 1924 4618 plane
1968 4516 2067 4592 ovali
2095 4513 2156 4592 vel
2191 4511 2473 4618 oblongo-orell,

597 4655 737 4731 vertice
761 4647 995 4739 subcentrali,
1008 4655 1096 4728 satis
1108 4652 1215 4739 elato,
1233 4645 1283 4737 ἃ,
1306 4665 1349 4724 ut
1368 4645 1531 4741 videtur,
1561 4645 1777 4729 acuminato.
1827 4649 2057 4726 Tenuissima
2082 4677 2227 4752 semper
2252 4669 2306 4727 est
2333 4669 2423 4728 testa
2438 4655 2479 4729 ἃ

593 4789 722 4870 ·laevis;
756 4787 797 4856 in
821 4797 924 4880 parte
945 4799 1069 4857 umen
1096 4790 1172 4887 ejus
1205 4783 1372 4858 inferiori
1396 4789 1495 4860 striae
1519 4789 1674 4861 minutae
1702 4791 1952 4874 concentricae,
1980 4787 2086 4860 oculo
2114 4799 2264 4872 armato,
2292 4783 2480 4886 apparent.

699 4921 858 4993 'Locusr
907 4919 952 4992 In
978 4934 1083 5020 petra
1110 4919 1213 5005 dura,
1238 4915 1351 4994 variis
1377 4918 1542 4996 testaceis
1569 4923 1720 5024 repleta,
1745 4918 1794 4997 ad
1819 4921 2004 5021 Balsberg,
2029 4921 2107 4995 haec
2135 4924 2272 5020 species
2296 4921 2397 4998 haud
2418 4945 2478 4998 ra*-

601 5082 645 5132 ro
665 5053 833 5130 obvenit.
882 5053 928 5126 In
956 5053 1054 5130 calce
1080 5077 1229 5128 arenosa
1255 5053 1303 5127 ad
1331 5055 1511 5130 molinam
1538 5055 1986 5159 Svenstorpsmiilla
2012 5051 2195 5156 specimen
2220 5081 2364 5158 quoque
2388 5060 2478 5159 legi-

600 5217 694 5268 mus.
744 5183 859 5266 Aliud
884 5187 1114 5290 aliquantum
1144 5190 1266 5305 minua
1295 5191 1336 5264 in
1370 5185 1527 5268 calcario
1561 5191 1790 5270 carboniicro
1817 5217 1838 5267 e
1865 5207 1985 5270 tractu
2018 5191 2281 5292 Ktsebergensi
2310 5194 2479 5272 observa·

600 5351 733 5406 minus.

1252 5529 1788 5634 'HL-Classis.

845 5711 1296 5796 MOLLUSCA
1370 5715 2233 5798 LAMELLIBRANCHIA.

696 5889 834 5964 Terra
868 5867 1082 5972 arviavrs3
1113 5887 1295 5966 Muscosi
1330 5909 1491 5968 vacuas
1522 5911 1782 5968 etaunarrrs
1818 5913 2010 5978 suranus,
2046 5915 2123 5965 uue
2157 5915 2234 5966 van
2261 5883 2375 5967 unus.

598 6119 781 6248 Omnes
808 6143 1017 6236 Bivalvinm
1046 6160 1229 6262 reliquiae,
1254 6173 1389 6263 praeter
1416 6159 1760 6244 Terebratulas
1784 6161 1825 6238 δι
1857 6163 2069 6248 Cranias,
2102 6163 2143 6234 in
2171 6161 2388 6251 formatione
2413 6195 2478 6244 no-

604 6313 681 6374 stra
717 6301 903 6399 hucusque
933 6299 1102 6386 inventae,
1115 6300 1213 6372 'huic
1239 6298 1356 6372 Classi
1385 6299 1633 6380 adscribenda
1660 6315 1756 6376 sunt.
1806 6299 1900 6374 aha
1926 6323 2012 6374 vero
2042 6321 2149 6386 rarae,
2188 6299 2273 6374 alia
2299 6303 2477 6406 vulgares,
2510 6353 2515 6358 -

605 6433 687 6506 aliae
713 6437 850 6532 passim
877 6446 955 6506 tam
982 6433 1188 6536 frequentes
1213 6447 1255 6508 ut
1282 6446 1393 6510 strata
1404 6490 1416 6524 ,
1439 6439 1480 6511 in
1505 6436 1637 6538 quibus
1665 6441 1791 6538 jacent,
1815 6459 1963 6536 prorsus
1989 6435 2064 6508 fere
2090 6438 2321 6512 constituant.
2373 6441 2477 6518 Rarae

598 6579 691 6662 ,sunt
718 6568 759 6638 in
783 6591 913 6664 genere
940 6595 1064 6645 omnes
1091 6570 1140 6645 ad
1167 6571 1395 6646 Divisionem
1424 6585 1585 6646 nostram
1616 6571 1779 6672 priorem
1815 6574 2058 6670 pertinentes,
2091 6573 2228 6674 quippe
2257 6599 2359 6672 quie,
2385 6583 2477 6654 testa

606 6705 754 6804 penitus
779 6700 909 6788 deleta,
938 6702 1083 6778 nucleos
1113 6719 1257 6796 tantum
1276 6709 1513 6809 reliquerunt.
1546 6694 1598 6780 'N
1607 6705 1767 6779 uculae
1794 6719 1918 6782 tamen
1938 6709 2075 6809 passim
2096 6707 2371 6816 *frequentiorgs
2412 6711 2476 6788 ln-

608 6851 664 6938 ter
692 6835 786 6923 illas,
810 6863 891 6938 quae
907 6839 1136 6942 Divisionenr
1158 6858 1323 6920 nostram
1349 6843 1586 6944 posteriorem
1613 6843 1851 6928 constituunt,
1876 6840 1916 6916 δι
1943 6855 2073 6916 testam
2100 6845 2214 6942 magis
2242 6845 2411 6920 minusve
2427 6848 2475 6922 il·

607 6971 732 7046 msam
756 6975 1002 7060 retinuerunt,
1032 6976 1187 7048 rariores
1214 6993 1301 7053 arnt
1328 6976 1540 7063 Avicula,
1571 6977 1881 7060 Inoceramus,
1915 6974 2144 7062 Catillum
2178 6977 2479 7077 frequentissimae

607 7134 694 7185 vero
723 7107 869 7196 Pecten,
896 7111 1039 7195 Ostrea,
1063 7109 1319 7209 Plagiostoma,
1351 7113 1501 7189 Chama.
