5418 8510
241 1131 370 1198 obser.
416 1131 454 1194 ln
474 1143 566 1218 petra
585 1127 643 1192 illa
664 1145 817 1192 amnaceu
842 1123 880 1191 dt
899 1125 1104 1192 carbonifera
1123 1145 1195 1208 qua
1215 1125 1257 1190 sd
1280 1125 1507 1194 formationem
1528 1129 1862 1204 Litbantbracis
1888 1147 2005 1204 nosue
2029 1139 2109 1204 sen.

282 1250 362 1312 nice
383 1252 539 1332 pertinet,
563 1239 599 1306 lit
622 1265 705 1328 que,
722 1247 756 1307 ni
773 1245 880 1328 fallor,
904 1267 970 1310 uon
992 1245 1131 1310 multum
1155 1245 1262 1330 quoad
1284 1255 1409 1310 atatem
1429 1249 1551 1312 recedit
1571 1271 1590 1310 a
1611 1249 1803 1314 formatione
1819 1267 1981 1337 meones,
2000 1238 2111 1342 pluris

281 1365 345 1428 bus
368 1387 498 1450 quoque
521 1363 596 1426 locis
619 1363 755 1427 iuventa
773 1375 847 1428 sunt
868 1367 1003 1448 piscium
1026 1363 1181 1446 reliquiae.
1225 1363 1262 1427 ln
1284 1365 1393 1429 fodina
1413 1363 1454 1426 ad
1482 1365 1642 1455 Bosarp
1675 1369 1796 1438 Scanie
1833 1375 1926 1458 piscis
1956 1373 2110 1462 quidam,
2211 1417 2213 1428 .

205 1489 213 1502 ’
281 1487 318 1547 in
341 1481 604 1548 Lithantbrncem
625 1490 777 1562 mutatus,
804 1479 880 1544 olim
903 1477 1046 1592 detectus
1067 1489 1115 1542 est
1134 1473 1170 1542 ἀ
1192 1479 1374 1571 descriptus
1398 1493 1496 1570 atque
1518 1483 1698 1601 delineatus
1719 1491 1752 1552 iu
1773 1489 1861 1556 Actis
1882 1476 2107 1558 tendhtotn„

284 1621 345 1685 pro
364 1620 452 1664 anuo·
479 1599 566 1664 1823.
594 1617 667 1683 pag.
697 1597 763 1678 104.
790 1599 855 1664 tab.
883 1599 923 1664 ll.
948 1597 999 1682 fig.
1026 1603 1107 1666 1-3.

810 1965 813 1972 Δ
891 1855 950 1952 11.
1014 1819 1454 1960 uoniuscrr.

405 2075 466 2161 dd
495 2085 590 2162 hanc
619 2077 848 2162 Animalium
880 2087 1107 2186 Divisionem
1138 2081 1246 2192 loirge
1276 2093 1437 2195 plurima
1470 2085 1670 2194 ,pertinent
1702 2093 1924 2198 petrificata,
1961 2109 2042 2188 quae
2073 2085 2117 2158 iu

245 2223 466 2299 formatione
498 2239 621 2299 nostra
649 2237 810 2297 cretacea
839 2223 1052 2301 obveniunt.
1119 2227 1246 2326 Neque
1279 2234 1604 2322 tamenmmnium
1633 2232 1818 2307 Ordinum
1849 2227 1911 2306 vel
1940 2217 2115 2298 Familia·

244 2387 330 2435 rum
352 2360 516 2462 reliquiae
540 2361 581 2432 in
602 2359 733 2460 aequali
756 2379 909 2436 numero
936 2359 977 2435 &
1001 2363 1107 2464 copia
1133 2363 1276 2439 adsunt
1328 2369 1545 2442 Testacea
1576 2369 1676 2441 enim
1710 2365 1915 2442 bivalvia
1957 2369 2043 2432 sunt
2075 2357 2118 2427 iu

245 2521 374 2595 genere
396 2493 650 2598 multomagis
682 2523 875 2571 numerosa
899 2525 1010 2600 quam
1042 2501 1292 2576 univalvia.
1353 2503 1408 2576 De
1449 2503 1519 2578 hac
1556 2519 1682 2578 tamen
1727 2499 1853 2600 regula
1889 2494 2120 2592 excipiantur

166 2655 173 2664 ·
244 2629 591 2732 polythalamia
625 2633 803 2708 nonnulla
837 2637 949 2734 septis
981 2635 1213 2738 simplicibus
1235 2641 1380 2716 munita
1403 2662 1457 2714 11.
1479 2664 1537 2740 gr.
1558 2636 1835 2721 Belemuitae,
1870 2651 2027 2731 quorrun
2047 2624 2121 2698 mi··

244 2764 361 2838 rande
389 2768 495 2868 copia
524 2783 632 2844 cretae
657 2783 790 2845 nostrae
811 2783 924 2845 strata
948 2771 1116 2872 quaedam
1137 2786 1296 2847 scatent.

403 2889 473 2976 Ab*
487 2905 601 2980 altera
622 2902 765 3009 quoque
787 2919 891 3008 parte
921 2905 1126 2983 Bivalvia
1152 2909 1303 2984 cardine
1327 2908 1477 2984 dentato
1502 2907 1646 2981 munita
1670 2901 1711 2979 δῑ
1735 2901 1789 2984 ad
1811 2899 1953 2974 Genera
1980 2897 2121 2977 Arcae.
2222 2967 2228 2976 ,

244 3011 470 3126 Carditae,
494 3041 722 3131 Corbulae,
740 3043 966 3138 ‚Lutnariae
993 3038 1064 3118 &c
1088 3048 1328 3146 pertinentia,
1352 3045 1508 3118 minime
1539 3051 1624 3114 sunt
1651 3061 1855 3112 numerosa.
1910 3033 2035 3108 Facile
2059 3055 2122 3107 ve·

242 3198 285 3245 ro
312 3174 531 3274 intelligitur
558 3165 714 3251 candem
743 3203 818 3252 esse
843 3203 1008 3254 caussam
1033 3183 1224 3282 utriusque
1257 3179 1364 3280 hujus
1388 3178 1634 3280 phaenomeni.
1686 3173 1833 3246 Scilicet
1863 3172 1987 3244 omnia
2015 3164 2123 3240 Mol·

242 3301 370 3380 lusca
394 3289 551 3408 quorum
581 3325 683 3384 testae
713 3315 865 3414 integrae
900 3316 941 3384 in
979 3317 1095 3410 petris
1122 3315 1396 3388 includentibus
1420 3326 1641 3390 conservatae
1664 3309 1828 3420 fuerunt,
1860 3297 2124 3398 multomagis

243 3463 436 3514 numerosa
457 3457 543 3515 sunt
572 3469 683 3544 quam
705 3445 792 3524 illa,
824 3469 981 3542 quornm
1009 3448 1122 3532 uilril,
1160 3449 1264 3519 testis
1288 3453 1508 3534 consumtis,
1537 3447 1609 3520 nisi
1641 3444 1764 3523 nuclei
1797 3445 1838 3518 iu
1874 3453 1978 3542 petra
2002 3447 2124 3509 restat.

244 3573 290 3644 In
314 3579 418 3650 omni
442 3579 543 3649 euim
568 3591 672 3677 petra
696 3580 819 3650 minus
842 3576 960 3652 solida
986 3577 1027 3651 &
1050 3579 1142 3654 dura
1179 3605 1226 3654 ne
1266 3579 1418 3654 nucleus
1455 3583 1608 3681 quidem
1639 3581 1792 3654 formari
1823 3575 1883 3652 vel
1915 3572 2124 3650 conservari

243 3712 378 3810 potuit.
428 3713 563 3812 Igitur,
602 3725 643 3785 ut
670 3712 766 3786 milri
803 3713 936 3787 saltem
956 3691 1085 3790 'visum
1112 3729 1183 3804 est,
1207 3713 1318 3788 valde
1342 3726 1506 3800 erraret,
1544 3717 1683 3814 siquis
1709 3711 1874 3785 erederet
1902 3709 2010 3808 longe
2035 3733 2126 3808 pau-

248 3845 346 3918 ciora
371 3846 546 3920 Mollusca
569 3850 662 3920 testa
689 3847 856 3923 univalvi
884 3875 994 3949 quam
1020 3851 1164 3928 bivalvi
1191 3852 1350 3937 munita,
1379 3849 1448 3924 sub
1479 3849 1550 3924 hoc
1580 3851 1702 3950 prisco
1733 3845 1912 3946 temporis
1937 3853 2124 3916 momento

246 3979 397 4064 vixisse,
422 4004 503 4053 eam
532 3979 579 4052 ob
605 4003 767 4052 caussam
796 3982 883 4077 quia
916 3983 1066 4056 illorum
1093 4013 1198 4071 raro,
1230 3987 1363 4058 horum
1392 4011 1482 4057 vero
1511 3984 1805 4082 frequentissime
1835 3979 1988 4077 vestigia
2021 3977 2125 4060 inve·

247 4113 407 4186 uiantur.
457 4116 557 4206 Quin
583 4116 695 4186 etiam
722 4094 1036 4191 Univalviuru
1059 4117 1160 4191 haud
1184 4143 1321 4218 parvus
1348 4143 1522 4190 numerus
1550 4119 1671 4218 prisco
1699 4115 1766 4188 illo
1789 4127 1957 4214 tempore
1980 4111 2127 4196 vixerit,
2187 4155 2190 4163 ,

247 4271 323 4317 nou
348 4243 517 4319 dubitare
541 4273 752 4347 possumus,
780 4273 865 4340 curu
891 4251 931 4322 in
954 4251 1176 4349 quibusdam
1208 4253 1439 4324 formationis
1467 4267 1600 4326 nostrae
1626 4253 1765 4335 stratis,
1797 4275 1878 4350 quae
1901 4247 1950 4320 ad
1973 4238 2128 4346 impres·

228 4381 368 4455 ,siones
394 4385 660 4456 conservandas
684 4383 770 4456 satis
795 4383 927 4458 idonea
953 4383 1119 4470 suerunt,
1147 4383 1286 4458 multos
1314 4387 1450 4484 passim
1478 4383 1790 4461 Univalvium
1821 4383 1968 4458 nucleos
2003 4380 2128 4455 obser-

246 4511 388 4600 ¹remus,
415 4493 586 4617 'quamvis
604 4517 826 4614 'plerumque
852 4528 928 4590 tarn
952 4519 1059 4590 fracti
1086 4515 1128 4586 St
1148 4519 1368 4611 'incompleti
1394 4520 1471 4585 sint
1494 4533 1536 4590 ut
1556 4518 1762 4596 weuratius
1788 4517 2027 4590 detemninari
2051 4537 2128 4588 nou

249 4653 402 4749 possint.
460 4651 573 4724 Multa
600 4653 711 4748 igitur
735 4647 1046 4720 Univalvium
1071 4641 1285 4718 &dentato
1314 4645 1463 4718 cardine
1485 4642 1756 4716 Bivalvium
1787 4671 1919 4744 genera
1944 4649 2011 4720 illo
2035 4663 2130 4724 tem·

251 4808 340 4884 pore
367 4784 559 4868 vixerunt,
582 4807 665 4882 quae
684 4783 791 4856 nobis
815 4781 936 4855 adhuc
962 4779 1089 4854 latent.
1660 4769 1668 4787 ⁹

269 4897 271 4904 ¹
348 4995 352 5014 ‚
411 4918 547 4992 Mirum
573 4945 660 4992 saue
686 4917 857 4992 videatur
882 4943 958 4990 nou
986 4919 1110 4992 omnia
1141 4917 1354 4990 Testacea
1381 4912 1516 4986 iisdem
1550 4897 1691 4990 caussis¹
1725 4915 1918 5017 agentibus
1955 4921 2130 5020 exposita,

249 5053 378 5128 eodem
405 5053 517 5127 modo
542 5055 653 5128 fuisse
677 5053 830 5127 adfecta.
882 5050 1028 5125 Scilicet
1050 5053 1090 5124 iu
1113 5051 1242 5124 eadem
1266 5062 1369 5150 petra
1395 5049 1435 5121 in
1461 5047 1591 5123 eodem
1614 5046 1755 5150 lapide,
1787 5063 1880 5124 testa
1912 5057 2020 5130 unius
2045 5077 2130 5155 spe·

249 5192 320 5264 cici
344 5190 454 5290 plane
481 5204 693 5294 conservata
718 5202 787 5274 est,
812 5188 962 5262 alterius
990 5213 1076 5262 vero
1100 5185 1210 5286 plane
1238 5185 1421 5259 destructa
1457 5183 1498 5259 δι
1530 5199 1731 5260 consumta.
1782 5185 1862 5260 Imo
1891 5199 1993 5264 testa
2020 5216 2127 5292 para-

246 5327 362 5401 siticae
389 5325 675 5412 Ostrearum,
710 5323 1003 5425 Serpularum
1028 5318 1100 5394 &c
1134 5346 1281 5422 prorsus
1319 5319 1543 5422 integrae&
1580 5324 1727 5398 intactae
1764 5291 1869 5422 saepe
1895 5338 1995 5412 suut,
2038 5307 2130 5404 dum

247 5465 516 5540 Ammonitae
542 5458 602 5533 vel
628 5461 757 5537 nrtae
785 5473 886 5542 testa,
911 5460 971 5532 cui
997 5455 1248 5543 adhaerebunt,
1273 5460 1423 5557 penitus
1450 5461 1611 5532 evanuit.
1665 5457 1774 5550 Quod
1797 5485 1884 5534 vero
1906 5460 1969 5534 vix
1994 5463 2048 5535 ita
2073 5487 2128 5536 se·

250 5625 289 5673 se
314 5597 449 5672 babere
476 5597 669 5695 potuisset,
706 5597 738 5670 si
765 5607 886 5696 partes
909 5593 1189 5676 constituentes,
1231 5591 1291 5665 vel
1332 5595 1548 5693 compositio
1580 5591 1763 5677 clremica,
1793 5591 1926 5670 horum
1953 5612 2128 5674 testaceo-

250 5726 335 5810 rum
360 5733 498 5807 eaedem
522 5732 632 5833 plane
658 5732 822 5804 fuissent.
853 5729 1007 5802 'Omnia
1033 5727 1132 5800 enim
1161 5725 1354 5802 individua
1382 5727 1543 5830 ejusdem
1578 5728 1728 5828 speciei,
1757 5755 1869 5805 unam
1901 5733 2128 5838 eandemque

251 5885 387 5948 sortem
407 5869 617 5954 subiernut;
649 5867 727 5942 imo
752 5891 877 5941 omnes
904 5841 1041 5966 species
1066 5859 1226 5965 ejusdem
1249 5863 1403 5940 Generis
1427 5861 1471 5938 ὃ(
1497 5863 1621 5938 omnia
1647 5861 1789 5940 Genera
1816 5867 1979 5971 ejusdem
2002 5869 2034 5946 F
2035 5869 2128 5950 ami2

252 6005 313 6081 liae
338 6008 395 6083 vel
423 6005 635 6082 Divisionis.
1485 6107 1490 6118 .
2120 6007 2125 6013 “

416 6119 521 6216 ilaue
548 6139 699 6216 omnino
724 6141 888 6242 regulam
916 6143 986 6216 hoc
1011 6146 1177 6240 respectu
1202 6149 1430 6214 constantem
1458 6161 1600 6240 semper
1631 6139 1857 6227 invenimus,
1888 6139 1987 6240 quod
2020 6165 2127 6240 supe·

253 6281 368 6354 riores
395 6303 457 6351 seu
480 6279 713 6380 perfectiores
745 6278 897 6352 familiae
928 6279 1084 6380 cujusvis
1119 6276 1254 6351 Classis
1279 6289 1411 6350 testam
1440 6299 1583 6375 semper
1614 6275 1870 6376 perdiderunt,
1911 6271 2002 6346 dum
2032 6277 2125 6350 iufe-

253 6419 368 6490 riores
399 6439 463 6488 seu
490 6417 611 6490 miuus
644 6415 815 6516 perfectae
857 6413 996 6514 species
1035 6409 1196 6515 ejusdem
1237 6411 1388 6496 Classis,
1427 6405 1533 6483 illam
1568 6431 1729 6511 semper·
1752 6421 2023 6484 correervaruntt
2059 6414 2126 6490 ·1n

254 6549 592 6651 Brachiopodornm
614 6551 733 6627 solum
761 6549 893 6635 Classe,
919 6549 1084 6622 on'rniuin
1109 6573 1281 6649 generum
1303 6559 1417 6631 testae,
1442 6559 1619 6645 quatenus
1642 6550 1715 6646 jam
1742 6543 1895 6642 cognitae
1922 6560 2019 6634 sunt,
2039 6575 2126 6624 con·

257 6698 406 6779 servatae
434 6684 616 6760 videntur.
665 6685 737 6760 Sed
759 6683 1086 6785 Brachiopoda
1108 6711 1268 6786 quoqne,
1297 6685 1338 6758 ni
1366 6681 1550 6767 fallimur,
1579 6679 1754 6754 ultimum
1782 6675 1823 6750 &
1845 6680 2015 6758 infimum
2041 6709 2128 6762 couv-

257 6822 415 6894 stitunnt
445 6818 700 6896 Molluscorunr
733 6821 914 6908 Classem,
939 6820 1066 6895 saltim
1095 6847 1140 6895 ex
1170 6821 1244 6897 illis
1281 6818 1469 6901 testaceis,
1507 6843 1664 6918 quorum
1691 6796 1774 6891 heic
1799 6816 1841 6888 fit
1869 6821 2038 6893 mentio·

418 6951 479 7050 Ut¹
499 6981 572 7031 uno
599 6957 737 7031 intuitu
765 6957 1025 7060 perspiciatur,
1057 6945 1228 7061 quaenam
1250 6956 1425 7034 Mullusca
1461 6957 1562 7030 testis
1596 6955 1742 7041 orbate,
1768 6979 1937 7056 quaenam
1973 6959 2127 7050 munita,

261 7093 303 7164 in
326 7103 450 7168 nostra
472 7093 688 7168 formatione
716 7069 875 7171 cretacea
900 7093 1118 7183 obveniant,
1149 7093 1243 7170 banc
1271 7093 1485 7170 schedulam
1519 7090 1714 7196 adjungere
1745 7091 1941 7170 volumus:
