5418 8510
1889 916 1899 953 θ

370 949 2002 1020 Ἦ...

457 1247 1269 1398 rerurrrcura
1352 1167 1900 1416 soncnrvu
1956 1155 2040 1213 ⁰

546 1566 550 1584 ,
691 1503 1191 1574 ronurrrours
1254 1495 1654 1590 censuere.

1004 1681 1343 1712 *m

800 1879 976 2020 arv
1013 1878 1043 2015 1
1080 1780 1267 2019 MA
1304 1881 1367 2028 L
1410 1889 1441 2022 1
1478 1891 1544 2028 A
1621 1883 1639 1902 ’·

860 2187 893 2278 Ι.
962 2185 1487 2302 VERTEBRATA.

232 2359 458 2587 Reliquiae
497 2491 772 2571 Animalium
804 2497 1179 2611 vertebratorum,
1214 2527 1295 2605 quae
1328 2508 1369 2580 in
1394 2505 1616 2584 formatione
1646 2485 1771 2586 nostra
1794 2522 1957 2586 cretaeea
1982 2535 2108 2594 occur·

178 2629 180 2632 ‘
233 2630 339 2705 runt,
362 2623 394 2695 si
420 2650 503 2700 eum
528 2631 750 2708 animalibus
778 2649 981 2714 ceterarum
1008 2639 1242 2715 Divisionum
1270 2639 1414 2716 ibidem
1438 2641 1559 2720 obviis
1584 2659 1864 2770 comparantur,
1897 2643 2019 2750 quoad
2040 2671 2111 2721 nu·

232 2769 377 2832 merum
409 2784 599 2864 perpaucae
626 2783 713 2844 sunt
744 2768 785 2844 δι
813 2775 933 2872 quoad
980 2775 1232 2852 conditionem
1276 2775 1495 2876 plerumque
1535 2781 1643 2857 valde
1684 2783 1810 2857 fractae
1841 2781 1882 2856 &
1917 2781 2109 2858 mutilate.

230 2889 522 2978 Mammalium
548 2901 775 2982 &Avium
799 2909 917 2998 nulla,
964 2935 1010 2984 ne
1042 2911 1197 2986 minima
1227 2911 1379 3012 quidem
1413 2909 1616 2988 obveniunt
1640 2913 1813 3012 vestigius
1851 2914 1905 2990 ite
1945 2929 1987 2990 at
2025 2915 2110 2990 heic

231 3049 375 3129 qnoque
399 3039 608 3116 confirmari
633 3043 802 3120 videatur
821 3043 972 3121 illorum
997 3049 1188 3133 sententia,
1214 3047 1279 3146 qui
1315 3055 1479 3120 statuant
1508 3059 1617 3120 cretae
1643 3046 1911 3150 depositionem
1932 3050 2110 3128 Μαωωι-

227 3157 322 3236 lium
353 3161 393 3238 ὅ(
412 3167 550 3249 Avium
593 3169 815 3254 creationem
837 3180 944 3280 longe
965 3181 1205 3256 antecessisse.
1327 3245 1333 3256 .

390 3301 528 3394 Pauca,
567 3335 648 3406 qnae
686 3315 835 3388 inventa
869 3333 961 3386 sunt
996 3317 1372 3392 Vrortobratornm
1399 3315 1605 3418 fragmenta
1622 3317 1740 3394 etassi
1768 3317 2111 3420 Amphibiornrn

229 3427 274 3504 ,ὅτ
302 3433 499 3512 Piscium
523 3442 764 3520 adscribenda
798 3447 905 3520 nobis
940 3444 1122 3518 ridentur.
1180 3444 1281 3516 Inter
1316 3450 1383 3518 illa
1417 3475 1610 3526 numerare
1641 3452 1819 3530 debemus
1850 3479 1890 3528 os
1921 3456 2110 3556 quoddam
2227 3484 2234 3492 ·

230 3571 358 3665 majus,
384 3573 494 3671 qnod,
520 3577 562 3648 in
588 3588 692 3674 petra
718 3579 1040 3656 calcario-arenosa
1066 3577 1272 3663 inclusum,
1295 3576 1344 3654 ed
1366 3579 1548 3662 molinam
1574 3587 1926 3682 Kldpingemlilla
1950 3589 2102 3674 dictam,

230 3713 315 3774 aute
336 3702 479 3804 aliquot
506 3733 619 3784 annos
645 3714 882 3800 invenimus,
919 3715 1027 3810 Quod
1057 3715 1209 3818 quidem
1244 3740 1301 3802 os,
1330 3715 1501 3816 quamvis
1534 3725 1612 3788 tarn
1642 3715 1802 3794 fractum
1830 3719 1872 3791 &
1899 3747 2025 3797 rosum
2054 3749 2110 3799 es-

229 3849 297 3924 set,
323 3851 365 3914 ut
392 3814 510 3942 neque
535 3849 737 3924 accuratius
762 3849 1003 3928 determinari
1034 3879 1102 3928 nec
1127 3851 1305 3926 delineari
1341 3861 1479 3950 posset,
1519 3849 1725 3952 fragmenta
1752 3868 1876 3930 tamen
1906 3861 1995 3934 satis
2023 3861 2108 3955 sin·

235 3969 374 4067 gularia
403 3971 443 4048 δι
471 3977 627 4052 insolitae
652 3979 781 4058 sormae
806 3988 1004 4086 prebebat.
1055 3990 1146 4062 Erat
1174 3985 1316 4059 seilicet
1349 3983 1537 4058 bifurcum
1565 4009 1587 4056 e
1612 3989 1780 4063 cruribus
1807 3990 1949 4064 duobus
1979 3993 2022 4064 in
2042 4017 2108 4066 an·

230 4103 360 4200 guium
388 4123 536 4186 acutum
566 4117 697 4213 junctis
730 4135 916 4196 constans:
957 4119 1167 4198 extremitas
1201 4129 1286 4190 ante
1319 4115 1503 4216 angulum
1519 4118 1717 4196 rotundatu
1749 4119 1790 4195 δι
1818 4123 2109 4203 subincrassata:

202 4251 428 4340 .utrumque
453 4272 535 4322 erus
563 4252 660 4324 circa
688 4252 714 4324 6
743 4255 893 4354 pollices
930 4255 1081 4358 longum
1110 4255 1274 4351 duosque
1290 4251 1424 4325 latum:
1463 4263 1718 4328 tentassent
1754 4255 1865 4356 plane
1900 4265 2106 4362 spongiosa,

231 4364 404 4475 nulloque
429 4382 575 4456 cannali
601 4387 797 4462 medullari
828 4389 1024 4486 perforata.

375 4513 549 4592 ¹Difficile
576 4521 726 4612 quidem
748 4536 802 4594 est
826 4549 894 4614 pro
921 4505 1170 4592 certo-dinero
1194 4519 1455 4608 triquedram
1469 4495 1849 4634 ‚Anima-lium-genus
1871 4533 2111 4619 pertinuerite

229 4641 295 4716 sed
319 4649 526 4720 verosimile
564 4649 659 4724 mihi
695 4649 841 4724 videtur
879 4649 989 4723 luisse
1028 4644 1216 4748 cujusdam
1258 4640 1491 4741 Amphibii
1520 4643 1656 4716 marini
1679 4669 1732 4720 ex
1769 4636 1910 4726 Ordine
1943 4657 2109 4736 ,Chelo-

230 4777 406 4854 niorum
440 4779 500 4852 vel
523 4749 811 4870 ‘Sauriorumr
845 4807 962 4882 neque
996 4777 1130 4853 dubito
1158 4778 1250 4876 quin
1278 4775 1371 4850 olim
1395 4775 1660 4874 investigentur
1690 4777 1798 4877 plura
1819 4780 1860 4856 dt
1888 4793 2108 4888 perfectiora

233 4909 340 5016 hujus
369 4917 556 4990 sententia
583 4919 815 4996 documenta.
863 4919 1061 4996 Inventum
1085 4925 1208 4986 tamen
1235 4909 1344 5011 plane
1371 4911 1555 4996 omittere,
1579 4935 1725 5012 aequum
1751 4939 1827 4992 non
1855 4918 1956 4998 duxi.

390 5050 449 5124 Ex
481 5052 603 5130 Classe
636 5058 798 5134 Piscium
817 5065 905 5129 ,tam
939 5047 1343 5146 cartilagineorum
1369 5069 1481 5145 quam
1505 5046 1789 5144 spinosorum
1820 5056 1923 5130 varia
1950 5064 2023 5160 jam
2049 5068 2109 5143 in.

232 5194 343 5261 venta
367 5199 452 5260 sunt
476 5189 690 5288 fragmenta.
745 5187 805 5264 Ad
837 5189 1066 5262 Divisionem
1098 5180 1255 5281 piscium
1280 5179 1444 5279 priorem
1477 5180 1663 5278 pertinent
1692 5180 1752 5256 illi
1786 5181 1914 5260 dentes
1952 5194 2107 5294 Squnlo.

226 5345 332 5408 rum,
366 5322 431 5422 qut
459 5322 767 5425 Glossopetrae
804 5321 914 5422 vulgo
943 5313 1198 5422 appellantur,
1237 5312 1278 5390 dt
1304 5315 1369 5414 qui
1394 5315 1436 5388 in
1462 5326 1587 5388 nostra
1613 5339 1758 5418 quoque
1783 5319 2002 5404 formatione
2026 5357 2106 5410 cre.
2219 5368 2223 5383 .

226 5471 350 5546 taces,
388 5459 500 5534 variis
525 5455 615 5534 locis
644 5455 685 5532 &
711 5459 753 5531 in
775 5457 887 5530 variis
911 5457 1034 5535 stratis
1059 5453 1216 5554 dispersi
1249 5457 1378 5557 jaceat.
1443 5492 1466 5506 ιι

390 5595 533 5670 Horum
568 5594 741 5674 dentium·
780 5590 916 5668 formas
952 5589 1147 5668 nonnullas
1180 5589 1222 5662 in
1255 5583 1401 5666 Tabula
1436 5599 1560 5664 nostra
1589 5589 1656 5684 X..
1673 5591 1752 5696 Fig.
1784 5621 1815 5672 r.
1851 5595 2103 5700 depingendae

231 5735 472 5810 curavimus:
634 5821 638 5829 Ι
1033 5801 1050 5808 ..

232 5873 321 5946 Lite.
347 5871 396 5945 A.
421 5872 467 5944 B.
517 5869 618 5958 Dens
644 5845 878 5972 triangularis
908 5885 1142 5970 compressus,
1176 5857 1371 5940 altitudine
1398 5859 1634 5942 latitudinem
1659 5866 1725 5942 vir
1753 5879 1963 5968 superante,
1985 5871 2103 5948 altero

283 6003 397 6080 latere
422 6009 639 6084 convexiore
664 6009 779 6084 altero
801 6007 989 6109 planiore,
1022 5997 1250 6102 marginibus
1283 5999 1398 6074 acutis
1424 5998 1799 6080 meruleto-dentatis.
1852 6004 1976 6082 cont
1999 6005 2103 6084 Par·

279 6141 477 6222 ltinson's
519 6147 710 6247 organic
744 6143 957 6240 Remains
984 6139 1068 6220 Vol.
1094 6139 1160 6214 tlt
1180 6136 1255 6214 tab.
1281 6135 1387 6220 xllt
1414 6137 1473 6240 fig.
1500 6139 1535 6216 3.

367 6283 642 6370 Obveniunt,
670 6285 838 6384 quamvis
864 6277 999 6358 rarius,
1027 6273 1154 6351 dentes
1180 6273 1287 6378 hujus
1314 6271 1443 6373 formpe
1467 6275 1510 6348 in
1537 6274 1637 6350 calce
1660 6275 1822 6378 glareosa
1849 6273 1898 6350 ad
1920 6279 2102 6382 Kjuge-

232 6419 393 6500 strand
425 6417 466 6494 dt
500 6423 539 6496 in
576 6420 675 6496 calce
706 6433 862 6496 testacea
892 6413 941 6501 ed
974 6409 1245 6516 Ignaberge.
1300 6409 1494 6488 Interdum
1525 6409 1644 6486 multo
1676 6417 1830 6512 majores
1860 6423 1948 6522 sunt
1973 6413 2102 6494 dentes

233 6583 343 6660 quam
366 6569 490 6633 nostra
517 6559 609 6648 icon,
638 6559 691 6632 ita
715 6553 864 6658 utplus
898 6559 1010 6654 quarn
1042 6550 1215 6654 pollicem
1233 6545 1435 6624 altitudine
1467 6543 1509 6622 dt
1543 6543 1750 6649 latitudine,
1775 6544 1969 6646 attingant.
2005 6552 2103 6670 .{Qui

235 6696 327 6796 quin
348 6693 397 6768 ad
422 6691 596 6793 Squalum
621 6693 806 6794 quendam
834 6687 1090 6794 primordialis
1112 6686 1186 6796 Υωνὶ
1215 6685 1498 6764 voracissimum
1524 6677 1888 6780 ferocissimumque,
1911 6679 1952 6756 ὅτ
1971 6707 2103 6788 corpo·

235 6833 287 6908 ris
317 6830 510 6906 horrendae
541 6829 649 6906 molis
685 6831 950 6933 pertinuerint,
987 6825 1134 6900 nullum
1169 6837 1225 6900 est
1253 6820 1421 6898 dubium.
1481 6817 1583 6892 Inter
1615 6813 1767 6916 Squalos
1805 6814 1941 6894 Faunoe
1965 6835 2101 6898 nostres

235 6971 422 7046 hodiernae
443 6966 551 7042 'nuda
574 6969 730 7042 occurrit
755 6969 911 7070 species,
954 6987 1022 7040 nec
1046 6977 1124 7039 tam
1149 6987 1302 7064 magna,
1327 6953 1552 7058 ‚Squalum
1582 6952 1831 7030 maximum
1858 6951 1953 7028 sorte
1986 6957 2104 7030 sier-

233 7108 359 7208 cipias,
386 7133 454 7182 nec
478 7119 556 7179 tam
581 7104 695 7180 ferox·
743 7103 829 7208 Squ.
854 7105 954 7180 enim
980 7099 1269 7275 carcpagirg‚
1302 7097 1402 7197 cujus
1428 7087 1600 7168 dentibus
1626 7087 1667 7164 hi
1693 7085 1813 7188 quoad
1839 7085 1997 7166 sennam
2019 7101 2101 7169 mt-
